@article{Sabti:2019mhn,
      author         = "Sabti, Nashwan and Alvey, James and Escudero, Miguel and
                        Fairbairn, Malcolm and Blas, Diego",
      title          = "{Refined Bounds on MeV-scale Thermal Dark Sectors from
                        BBN and the CMB}",
      year           = "2019",
      eprint         = "1910.01649",
      archivePrefix  = "arXiv",
      primaryClass   = "hep-ph",
      reportNumber   = "KCL-2019-75",
      SLACcitation   = "%%CITATION = ARXIV:1910.01649;%%"
}
@article{Alvey:2019zaa,
      author         = "Alvey, James and Campos, Miguel and Fairbairn, Malcolm
                        and You, Tevong",
      title          = "{Light Dark Matter from Inelastic Cosmic Ray Collisions}",
      year           = "2019",
      eprint         = "1905.05776",
      archivePrefix  = "arXiv",
      primaryClass   = "hep-ph",
      reportNumber   = "Cavendish-HEP-19/08, DAMTP-2019-21, KCL-PH-TH-2019-45",
      SLACcitation   = "%%CITATION = ARXIV:1905.05776;%%"
}
@article{Alvey:2019jzx,
      author         = "Alvey, J. B. G. and Fairbairn, M.",
      title          = "{Linking Scalar Dark Matter and Neutrino Masses with
                        IceCube 170922A}",
      journal        = "JCAP",
      volume         = "1907",
      year           = "2019",
      pages          = "041",
      doi            = "10.1088/1475-7516/2019/07/041",
      eprint         = "1902.01450",
      archivePrefix  = "arXiv",
      primaryClass   = "hep-ph",
      SLACcitation   = "%%CITATION = ARXIV:1902.01450;%%"
}


@article{Bertone:2004pz,
      author         = "Bertone, Gianfranco and Hooper, Dan and Silk, Joseph",
      title          = "{Particle dark matter: Evidence, candidates and
                        constraints}",
      journal        = "Phys. Rept.",
      volume         = "405",
      year           = "2005",
      pages          = "279-390",
      doi            = "10.1016/j.physrep.2004.08.031",
      eprint         = "hep-ph/0404175",
      archivePrefix  = "arXiv",
      primaryClass   = "hep-ph",
      reportNumber   = "FERMILAB-PUB-04-047-A",
      SLACcitation   = "%%CITATION = HEP-PH/0404175;%%"
}
@article{Cirelli:2012tf,
      author         = "Cirelli, Marco",
      title          = "{Indirect Searches for Dark Matter: a status review}",
      booktitle      = "{Proceedings, 25th International Symposium on Lepton
                        Photon Interactions at High Energy (LP11): Mumbai, India,
                        August 22-27, 2011}",
      journal        = "Pramana",
      volume         = "79",
      year           = "2012",
      pages          = "1021-1043",
      doi            = "10.1007/s12043-012-0419-x",
      eprint         = "1202.1454",
      archivePrefix  = "arXiv",
      primaryClass   = "hep-ph",
      reportNumber   = "SACLAY-T11-206, CERN-PH-TH-2011-257",
      SLACcitation   = "%%CITATION = ARXIV:1202.1454;%%"
}

@article{Gaskins:2016cha,
      author         = "Gaskins, Jennifer M.",
      title          = "{A review of indirect searches for particle dark matter}",
      journal        = "Contemp. Phys.",
      volume         = "57",
      year           = "2016",
      number         = "4",
      pages          = "496-525",
      doi            = "10.1080/00107514.2016.1175160",
      eprint         = "1604.00014",
      archivePrefix  = "arXiv",
      primaryClass   = "astro-ph.HE",
      SLACcitation   = "%%CITATION = ARXIV:1604.00014;%%"
}
@inproceedings{Slatyer:2017sev,
      author         = "Slatyer, Tracy R.",
      title          = "{Indirect Detection of Dark Matter}",
      booktitle      = "{Proceedings,  Theoretical Advanced Study Institute in
                        Elementary Particle Physics : Anticipating the Next
                        Discoveries in Particle Physics (TASI 2016): Boulder, CO,
                        USA, June 6-July 1, 2016}",
      year           = "2018",
      pages          = "297-353",
      doi            = "10.1142/9789813233348_0005",
      eprint         = "1710.05137",
      archivePrefix  = "arXiv",
      primaryClass   = "hep-ph",
      reportNumber   = "MIT-CTP-4946",
      SLACcitation   = "%%CITATION = ARXIV:1710.05137;%%"
}

@article{Evans:2019vxr,
      author         = "Evans, Jared A. and Gaidau, Cristian and Shelton, Jessie",
      title          = "{Leak-in Dark Matter}",
      year           = "2019",
      eprint         = "1909.04671",
      archivePrefix  = "arXiv",
      primaryClass   = "hep-ph",
      SLACcitation   = "%%CITATION = ARXIV:1909.04671;%%"
}

@article{Forestell:2018txr,
      author         = "Forestell, Lindsay and Morrissey, David E. and White,
                        Graham",
      title          = "{Limits from BBN on Light Electromagnetic Decays}",
      journal        = "JHEP",
      volume         = "01",
      year           = "2019",
      pages          = "074",
      doi            = "10.1007/JHEP01(2019)074",
      eprint         = "1809.01179",
      archivePrefix  = "arXiv",
      primaryClass   = "hep-ph",
      SLACcitation   = "%%CITATION = ARXIV:1809.01179;%%"
}


@article{Kawano:1988vh,
      author         = "Kawano, Lawrence",
      title          = "{Let's Go: Early Universe. Guide to Primordial
                        Nucleosynthesis Programming}",
      year           = "1988",
      reportNumber   = "FERMILAB-PUB-88-034-A",
      SLACcitation   = "%%CITATION = FERMILAB-PUB-88-034-A;%%"
}
@article{Kawano:1992ua,
      author         = "Kawano, Lawrence",
      title          = "{Let's go: Early universe. 2. Primordial nucleosynthesis:
                        The Computer way}",
      year           = "1992",
      reportNumber   = "FERMILAB-PUB-92-004-A",
      SLACcitation   = "%%CITATION = FERMILAB-PUB-92-004-A;%%"
}

@article{Krnjaic:2019dzc,
      author         = "Krnjaic, Gordan and McDermott, Samuel D.",
      title          = "{Implications of BBN Bounds for Cosmic Ray Upscattered
                        Dark Matter}",
      year           = "2019",
      eprint         = "1908.00007",
      archivePrefix  = "arXiv",
      primaryClass   = "hep-ph",
      reportNumber   = "FERMILAB-PUB-19-358-A",
      SLACcitation   = "%%CITATION = ARXIV:1908.00007;%%"
}

@article{Berezhiani:2012ru,
      author         = "Berezhiani, Zurab and Dolgov, Aleksander and Tkachev,
                        Igor",
      title          = "{BBN with light dark matter}",
      journal        = "JCAP",
      volume         = "1302",
      year           = "2013",
      pages          = "010",
      doi            = "10.1088/1475-7516/2013/02/010",
      eprint         = "1211.4937",
      archivePrefix  = "arXiv",
      primaryClass   = "astro-ph.CO",
      SLACcitation   = "%%CITATION = ARXIV:1211.4937;%%"
}
@article{Hufnagel:2018bjp,
      author         = "Hufnagel, Marco and Schmidt-Hoberg, Kai and Wild,
                        Sebastian",
      title          = "{BBN constraints on MeV-scale dark sectors. Part II.
                        Electromagnetic decays}",
      journal        = "JCAP",
      volume         = "1811",
      year           = "2018",
      number         = "11",
      pages          = "032",
      doi            = "10.1088/1475-7516/2018/11/032",
      eprint         = "1808.09324",
      archivePrefix  = "arXiv",
      primaryClass   = "hep-ph",
      reportNumber   = "DESY 18-133, DESY-18-133",
      SLACcitation   = "%%CITATION = ARXIV:1808.09324;%%"
}

@article{Dolgov:2002wy,
      author         = "Dolgov, A. D.",
      title          = "{Neutrinos in cosmology}",
      journal        = "Phys. Rept.",
      volume         = "370",
      year           = "2002",
      pages          = "333-535",
      doi            = "10.1016/S0370-1573(02)00139-4",
      eprint         = "hep-ph/0202122",
      archivePrefix  = "arXiv",
      primaryClass   = "hep-ph",
      reportNumber   = "INFN-FE",
      SLACcitation   = "%%CITATION = HEP-PH/0202122;%%"
}

@article{Chu:2011be,
      author         = "Chu, Xiaoyong and Hambye, Thomas and Tytgat, Michel H.
                        G.",
      title          = "{The Four Basic Ways of Creating Dark Matter Through a
                        Portal}",
      journal        = "JCAP",
      volume         = "1205",
      year           = "2012",
      pages          = "034",
      doi            = "10.1088/1475-7516/2012/05/034",
      eprint         = "1112.0493",
      archivePrefix  = "arXiv",
      primaryClass   = "hep-ph",
      reportNumber   = "ULB-TH-11-26",
      SLACcitation   = "%%CITATION = ARXIV:1112.0493;%%"
}
@book{Raffelt:1996wa,
      author         = "Raffelt, G. G.",
      title          = "{Stars as laboratories for fundamental physics}",
      year           = "1996",
      url            = "http://wwwth.mpp.mpg.de/members/raffelt/mypapers/199613.pdf",
      journal        = "Chicago, USA: Univ. Pr. (1996) 664 p",
      ISBN           = "9780226702728",
      SLACcitation   = "%%CITATION = INSPIRE-430034;%%"
}

@article{Wilkinson:2014ksa,
      author         = "Wilkinson, Ryan J. and Boehm, Celine and Lesgourgues,
                        Julien",
      title          = "{Constraining Dark Matter-Neutrino Interactions using the
                        CMB and Large-Scale Structure}",
      journal        = "JCAP",
      volume         = "1405",
      year           = "2014",
      pages          = "011",
      doi            = "10.1088/1475-7516/2014/05/011",
      eprint         = "1401.7597",
      archivePrefix  = "arXiv",
      primaryClass   = "astro-ph.CO",
      reportNumber   = "IPPP-14-03, DCPT-14-06, CERN-PH-TH-2014-013,
                        LAPTH-006-14",
      SLACcitation   = "%%CITATION = ARXIV:1401.7597;%%"
}

@article{Hambye:2019dwd,
      author         = "Hambye, Thomas and Tytgat, Michel H. G. and
                        Vandecasteele, Jérôme and Vanderheyden, Laurent",
      title          = "{Dark matter from dark photons: a taxonomy of dark matter
                        production}",
      year           = "2019",
      eprint         = "1908.09864",
      archivePrefix  = "arXiv",
      primaryClass   = "hep-ph",
      reportNumber   = "ULB-TH/19-07",
      SLACcitation   = "%%CITATION = ARXIV:1908.09864;%%"
}

@article{Escudero:2019gzq,
      author         = "Escudero, Miguel and Hooper, Dan and Krnjaic, Gordan and
                        Pierre, Mathias",
      title          = "{Cosmology with A Very Light L$_{\mu}$ - L$_{\tau}$
                        Gauge Boson}",
      journal        = "JHEP",
      volume         = "03",
      year           = "2019",
      pages          = "071",
      doi            = "10.1007/JHEP03(2019)071",
      eprint         = "1901.02010",
      archivePrefix  = "arXiv",
      primaryClass   = "hep-ph",
      reportNumber   = "FERMILAB-PUB-19-001-A, LPT-Orsay-18-15, IFIC-19-02,
                        KCL-19-01,
  IFT-UAM/CSIC-19-7, KCL-19-01",
      SLACcitation   = "%%CITATION = ARXIV:1901.02010;%%"
}

@article{Farzan:2002wx,
      author         = "Farzan, Yasaman",
      title          = "{Bounds on the coupling of the Majoron to light neutrinos
                        from supernova cooling}",
      journal        = "Phys. Rev.",
      volume         = "D67",
      year           = "2003",
      pages          = "073015",
      doi            = "10.1103/PhysRevD.67.073015",
      eprint         = "hep-ph/0211375",
      archivePrefix  = "arXiv",
      primaryClass   = "hep-ph",
      reportNumber   = "SLAC-PUB-9543, SISSA-69-2002-EP",
      SLACcitation   = "%%CITATION = HEP-PH/0211375;%%"
}

@article{Heurtier:2016otg,
      author         = "Heurtier, Lucien and Zhang, Yongchao",
      title          = "{Supernova Constraints on Massive (Pseudo)Scalar Coupling
                        to Neutrinos}",
      journal        = "JCAP",
      volume         = "1702",
      year           = "2017",
      number         = "02",
      pages          = "042",
      doi            = "10.1088/1475-7516/2017/02/042",
      eprint         = "1609.05882",
      archivePrefix  = "arXiv",
      primaryClass   = "hep-ph",
      reportNumber   = "ULB-TH-16-16",
      SLACcitation   = "%%CITATION = ARXIV:1609.05882;%%"
}

@article{Bartels:2017dpb,
      author         = "Bartels, Richard and Gaggero, Daniele and Weniger,
                        Christoph",
      title          = "{Prospects for indirect dark matter searches with MeV
                        photons}",
      journal        = "JCAP",
      volume         = "1705",
      year           = "2017",
      number         = "05",
      pages          = "001",
      doi            = "10.1088/1475-7516/2017/05/001",
      eprint         = "1703.02546",
      archivePrefix  = "arXiv",
      primaryClass   = "astro-ph.HE",
      SLACcitation   = "%%CITATION = ARXIV:1703.02546;%%"
}

@article{Roszkowski:2017nbc,
      author         = "Roszkowski, Leszek and Sessolo, Enrico Maria and
                        Trojanowski, Sebastian",
      title          = "{WIMP dark matter candidates and searches?current
                        status and future prospects}",
      journal        = "Rept. Prog. Phys.",
      volume         = "81",
      year           = "2018",
      number         = "6",
      pages          = "066201",
      doi            = "10.1088/1361-6633/aab913",
      eprint         = "1707.06277",
      archivePrefix  = "arXiv",
      primaryClass   = "hep-ph",
      reportNumber   = "UCI-HEP-TR-2017-09, DO-TH-17-15, UCI-HEP-TR-2017-09-",
      SLACcitation   = "%%CITATION = ARXIV:1707.06277;%%"
}

@article{Essig:2013goa,
      author         = "Essig, Rouven and Kuflik, Eric and McDermott, Samuel D.
                        and Volansky, Tomer and Zurek, Kathryn M.",
      title          = "{Constraining Light Dark Matter with Diffuse X-Ray and
                        Gamma-Ray Observations}",
      journal        = "JHEP",
      volume         = "11",
      year           = "2013",
      pages          = "193",
      doi            = "10.1007/JHEP11(2013)193",
      eprint         = "1309.4091",
      archivePrefix  = "arXiv",
      primaryClass   = "hep-ph",
      reportNumber   = "YITP-SB-29-13, FERMILAB-PUB-13-377-A-T, MCTP-13-27",
      SLACcitation   = "%%CITATION = ARXIV:1309.4091;%%"
}

@article{Hochberg:2014dra,
      author         = "Hochberg, Yonit and Kuflik, Eric and Volansky, Tomer and
                        Wacker, Jay G.",
      title          = "{Mechanism for Thermal Relic Dark Matter of Strongly
                        Interacting Massive Particles}",
      journal        = "Phys. Rev. Lett.",
      volume         = "113",
      year           = "2014",
      pages          = "171301",
      doi            = "10.1103/PhysRevLett.113.171301",
      eprint         = "1402.5143",
      archivePrefix  = "arXiv",
      primaryClass   = "hep-ph",
      SLACcitation   = "%%CITATION = ARXIV:1402.5143;%%"
}
@article{Slatyer:2015jla,
      author         = "Slatyer, Tracy R.",
      title          = "{Indirect dark matter signatures in the cosmic dark ages.
                        I. Generalizing the bound on s-wave dark matter
                        annihilation from Planck results}",
      journal        = "Phys. Rev.",
      volume         = "D93",
      year           = "2016",
      number         = "2",
      pages          = "023527",
      doi            = "10.1103/PhysRevD.93.023527",
      eprint         = "1506.03811",
      archivePrefix  = "arXiv",
      primaryClass   = "hep-ph",
      reportNumber   = "MIT-CTP-4682",
      SLACcitation   = "%%CITATION = ARXIV:1506.03811;%%"
}

@article{Harnik:2012ni,
      author         = "Harnik, Roni and Kopp, Joachim and Machado, Pedro A. N.",
      title          = "{Exploring nu Signals in Dark Matter Detectors}",
      journal        = "JCAP",
      volume         = "1207",
      year           = "2012",
      pages          = "026",
      doi            = "10.1088/1475-7516/2012/07/026",
      eprint         = "1202.6073",
      archivePrefix  = "arXiv",
      primaryClass   = "hep-ph",
      reportNumber   = "FERMILAB-PUB-12-048-T",
      SLACcitation   = "%%CITATION = ARXIV:1202.6073;%%"
}
@article{Alekhin:2015byh,
      author         = "Alekhin, Sergey and others",
      title          = "{A facility to Search for Hidden Particles at the CERN
                        SPS: the SHiP physics case}",
      journal        = "Rept. Prog. Phys.",
      volume         = "79",
      year           = "2016",
      number         = "12",
      pages          = "124201",
      doi            = "10.1088/0034-4885/79/12/124201",
      eprint         = "1504.04855",
      archivePrefix  = "arXiv",
      primaryClass   = "hep-ph",
      reportNumber   = "CERN-SPSC-2015-017, SPSC-P-350-ADD-1",
      SLACcitation   = "%%CITATION = ARXIV:1504.04855;%%"
}
@article{Chou:2016lxi,
      author         = "Chou, John Paul and Curtin, David and Lubatti, H. J.",
      title          = "{New Detectors to Explore the Lifetime Frontier}",
      journal        = "Phys. Lett.",
      volume         = "B767",
      year           = "2017",
      pages          = "29-36",
      doi            = "10.1016/j.physletb.2017.01.043",
      eprint         = "1606.06298",
      archivePrefix  = "arXiv",
      primaryClass   = "hep-ph",
      SLACcitation   = "%%CITATION = ARXIV:1606.06298;%%"
}

@article{Ariga:2019ufm,
      author         = "Ariga, Akitaka and others",
      title          = "{FASER: ForwArd Search ExpeRiment at the LHC}",
      collaboration  = "FASER",
      year           = "2019",
      eprint         = "1901.04468",
      archivePrefix  = "arXiv",
      primaryClass   = "hep-ex",
      reportNumber   = "UCI-TR-2019-01, KYUSHU-RCAPP-2018-08",
      SLACcitation   = "%%CITATION = ARXIV:1901.04468;%%"
}

@article{Petraki:2013wwa,
      author         = "Petraki, Kalliopi and Volkas, Raymond R.",
      title          = "{Review of asymmetric dark matter}",
      journal        = "Int. J. Mod. Phys.",
      volume         = "A28",
      year           = "2013",
      pages          = "1330028",
      doi            = "10.1142/S0217751X13300287",
      eprint         = "1305.4939",
      archivePrefix  = "arXiv",
      primaryClass   = "hep-ph",
      reportNumber   = "NIKHEF-2013-016",
      SLACcitation   = "%%CITATION = ARXIV:1305.4939;%%"
}

@article{Kou:2018nap,
      author         = "Altmannshofer, W. and others",
      editor         = "Kou, E. and Urquijo, P.",
      title          = "{The Belle II Physics Book}",
      collaboration  = "Belle-II",
      year           = "2018",
      eprint         = "1808.10567",
      archivePrefix  = "arXiv",
      primaryClass   = "hep-ex",
      reportNumber   = "KEK Preprint 2018-27, BELLE2-PUB-PH-2018-001,
                        FERMILAB-PUB-18-398-T, JLAB-THY-18-2780, INT-PUB-18-047,
                        UWThPh 2018-26",
      SLACcitation   = "%%CITATION = ARXIV:1808.10567;%%"
}

@article{Akesson:2018vlm,
      author         = "Åkesson, Torsten and others",
      title          = "{Light Dark Matter eXperiment (LDMX)}",
      collaboration  = "LDMX",
      year           = "2018",
      eprint         = "1808.05219",
      archivePrefix  = "arXiv",
      primaryClass   = "hep-ex",
      reportNumber   = "FERMILAB-PUB-18-324-A, SLAC-PUB-17303",
      SLACcitation   = "%%CITATION = ARXIV:1808.05219;%%"
}

@article{Andreas:2012mt,
      author         = "Andreas, Sarah and Niebuhr, Carsten and Ringwald,
                        Andreas",
      title          = "{New Limits on Hidden Photons from Past Electron Beam
                        Dumps}",
      journal        = "Phys. Rev.",
      volume         = "D86",
      year           = "2012",
      pages          = "095019",
      doi            = "10.1103/PhysRevD.86.095019",
      eprint         = "1209.6083",
      archivePrefix  = "arXiv",
      primaryClass   = "hep-ph",
      reportNumber   = "DESY-12-054",
      SLACcitation   = "%%CITATION = ARXIV:1209.6083;%%"
}

@article{Bjorken:2009mm,
      author         = "Bjorken, James D. and Essig, Rouven and Schuster, Philip
                        and Toro, Natalia",
      title          = "{New Fixed-Target Experiments to Search for Dark Gauge
                        Forces}",
      journal        = "Phys. Rev.",
      volume         = "D80",
      year           = "2009",
      pages          = "075018",
      doi            = "10.1103/PhysRevD.80.075018",
      eprint         = "0906.0580",
      archivePrefix  = "arXiv",
      primaryClass   = "hep-ph",
      reportNumber   = "SLAC-PUB-13650, SU-ITP-09-22",
      SLACcitation   = "%%CITATION = ARXIV:0906.0580;%%"
}

@article{Berlin:2017ftj,
      author         = "Berlin, Asher and Blinov, Nikita",
      title          = "{Thermal Dark Matter Below an MeV}",
      journal        = "Phys. Rev. Lett.",
      volume         = "120",
      year           = "2018",
      number         = "2",
      pages          = "021801",
      doi            = "10.1103/PhysRevLett.120.021801",
      eprint         = "1706.07046",
      archivePrefix  = "arXiv",
      primaryClass   = "hep-ph",
      reportNumber   = "SLAC-PUB-16989",
      SLACcitation   = "%%CITATION = ARXIV:1706.07046;%%"
}

@article{Knapen:2017xzo,
      author         = "Knapen, Simon and Lin, Tongyan and Zurek, Kathryn M.",
      title          = "{Light Dark Matter: Models and Constraints}",
      journal        = "Phys. Rev.",
      volume         = "D96",
      year           = "2017",
      number         = "11",
      pages          = "115021",
      doi            = "10.1103/PhysRevD.96.115021",
      eprint         = "1709.07882",
      archivePrefix  = "arXiv",
      primaryClass   = "hep-ph",
      SLACcitation   = "%%CITATION = ARXIV:1709.07882;%%"
}

@article{Hall:2009bx,
      author         = "Hall, Lawrence J. and Jedamzik, Karsten and
                        March-Russell, John and West, Stephen M.",
      title          = "{Freeze-In Production of FIMP Dark Matter}",
      journal        = "JHEP",
      volume         = "03",
      year           = "2010",
      pages          = "080",
      doi            = "10.1007/JHEP03(2010)080",
      eprint         = "0911.1120",
      archivePrefix  = "arXiv",
      primaryClass   = "hep-ph",
      reportNumber   = "OUTP-09-18-P, UCB-PTH-09-32",
      SLACcitation   = "%%CITATION = ARXIV:0911.1120;%%"
}

@article{Dvorkin:2019zdi,
      author         = "Dvorkin, Cora and Lin, Tongyan and Schutz, Katelin",
      title          = "{Making dark matter out of light: freeze-in from plasma
                        effects}",
      journal        = "Phys. Rev.",
      volume         = "D99",
      year           = "2019",
      number         = "11",
      pages          = "115009",
      doi            = "10.1103/PhysRevD.99.115009",
      eprint         = "1902.08623",
      archivePrefix  = "arXiv",
      primaryClass   = "hep-ph",
      SLACcitation   = "%%CITATION = ARXIV:1902.08623;%%"
}

@article{Lague:2019yvs,
      author         = "Laguë, Alex and Meyers, Joel",
      title          = "{Prospects and Limitations for Constraining Light Relics
                        with Primordial Abundance Measurements}",
      year           = "2019",
      eprint         = "1908.05291",
      archivePrefix  = "arXiv",
      primaryClass   = "astro-ph.CO",
      SLACcitation   = "%%CITATION = ARXIV:1908.05291;%%"
}

@article{Steigman:2013yua,
      author         = "Steigman, Gary",
      title          = "{Equivalent Neutrinos, Light WIMPs, and the Chimera of
                        Dark Radiation}",
      journal        = "Phys. Rev.",
      volume         = "D87",
      year           = "2013",
      number         = "10",
      pages          = "103517",
      doi            = "10.1103/PhysRevD.87.103517",
      eprint         = "1303.0049",
      archivePrefix  = "arXiv",
      primaryClass   = "astro-ph.CO",
      SLACcitation   = "%%CITATION = ARXIV:1303.0049;%%"
}

@article{Zurek:2013wia,
      author         = "Zurek, Kathryn M.",
      title          = "{Asymmetric Dark Matter: Theories, Signatures, and
                        Constraints}",
      journal        = "Phys. Rept.",
      volume         = "537",
      year           = "2014",
      pages          = "91-121",
      doi            = "10.1016/j.physrep.2013.12.001",
      eprint         = "1308.0338",
      archivePrefix  = "arXiv",
      primaryClass   = "hep-ph",
      SLACcitation   = "%%CITATION = ARXIV:1308.0338;%%"
}
@article{DeRocco:2019jti,
      author         = "DeRocco, William and Graham, Peter W. and Kasen, Daniel
                        and Marques-Tavares, Gustavo and Rajendran, Surjeet",
      title          = "{Supernova signals of light dark matter}",
      year           = "2019",
      eprint         = "1905.09284",
      archivePrefix  = "arXiv",
      primaryClass   = "hep-ph",
      SLACcitation   = "%%CITATION = ARXIV:1905.09284;%%"
}

@article{Sehgal:2019ewc,
      author         = "Sehgal, Neelima and others",
      title          = "{CMB-HD: An Ultra-Deep, High-Resolution Millimeter-Wave
                        Survey Over Half the Sky}",
      year           = "2019",
      eprint         = "1906.10134",
      archivePrefix  = "arXiv",
      primaryClass   = "astro-ph.CO",
      SLACcitation   = "%%CITATION = ARXIV:1906.10134;%%"
}

@article{Beacham:2019nyx,
      author         = "Beacham, J. and others",
      title          = "{Physics Beyond Colliders at CERN: Beyond the Standard
                        Model Working Group Report}",
      year           = "2019",
      eprint         = "1901.09966",
      archivePrefix  = "arXiv",
      primaryClass   = "hep-ex",
      reportNumber   = "CERN-PBC-REPORT-2018-007",
      SLACcitation   = "%%CITATION = ARXIV:1901.09966;%%"
}

@article{Hooper:2007tu,
      author         = "Hooper, Dan and Kaplinghat, Manoj and Strigari, Louis E.
                        and Zurek, Kathryn M.",
      title          = "{MeV Dark Matter and Small Scale Structure}",
      journal        = "Phys. Rev.",
      volume         = "D76",
      year           = "2007",
      pages          = "103515",
      doi            = "10.1103/PhysRevD.76.103515",
      eprint         = "0704.2558",
      archivePrefix  = "arXiv",
      primaryClass   = "astro-ph",
      reportNumber   = "FERMILAB-PUB-07-064-A, MADPH-07-1482",
      SLACcitation   = "%%CITATION = ARXIV:0704.2558;%%"
}

@article{PalomaresRuiz:2007eu,
      author         = "Palomares-Ruiz, Sergio and Pascoli, Silvia",
      title          = "{Testing MeV dark matter with neutrino detectors}",
      journal        = "Phys. Rev.",
      volume         = "D77",
      year           = "2008",
      pages          = "025025",
      doi            = "10.1103/PhysRevD.77.025025",
      eprint         = "0710.5420",
      archivePrefix  = "arXiv",
      primaryClass   = "astro-ph",
      reportNumber   = "IPPP-07-81, DCPT-07-162",
      SLACcitation   = "%%CITATION = ARXIV:0710.5420;%%"
}

@article{Dreiner:2013mua,
      author         = "Dreiner, Herbert K. and Fortin, Jean-François and
                        Hanhart, Christoph and Ubaldi, Lorenzo",
      title          = "{Supernova constraints on MeV dark sectors from $e^+e^-$
                        annihilations}",
      journal        = "Phys. Rev.",
      volume         = "D89",
      year           = "2014",
      number         = "10",
      pages          = "105015",
      doi            = "10.1103/PhysRevD.89.105015",
      eprint         = "1310.3826",
      archivePrefix  = "arXiv",
      primaryClass   = "hep-ph",
      reportNumber   = "BONN-TH-2013-18, CERN-PH-TH-2013-242, SU-ITP-13-19,
                        CETUP2013-017",
      SLACcitation   = "%%CITATION = ARXIV:1310.3826;%%"
}

@article{Batell:2009di,
      author         = "Batell, Brian and Pospelov, Maxim and Ritz, Adam",
      title          = "{Exploring Portals to a Hidden Sector Through Fixed
                        Targets}",
      journal        = "Phys. Rev.",
      volume         = "D80",
      year           = "2009",
      pages          = "095024",
      doi            = "10.1103/PhysRevD.80.095024",
      eprint         = "0906.5614",
      archivePrefix  = "arXiv",
      primaryClass   = "hep-ph",
      SLACcitation   = "%%CITATION = ARXIV:0906.5614;%%"
}

@article{Fox:2011fx,
      author         = "Fox, Patrick J. and Harnik, Roni and Kopp, Joachim and
                        Tsai, Yuhsin",
      title          = "{LEP Shines Light on Dark Matter}",
      journal        = "Phys. Rev.",
      volume         = "D84",
      year           = "2011",
      pages          = "014028",
      doi            = "10.1103/PhysRevD.84.014028",
      eprint         = "1103.0240",
      archivePrefix  = "arXiv",
      primaryClass   = "hep-ph",
      reportNumber   = "FERMILAB-PUB-11-039-T",
      SLACcitation   = "%%CITATION = ARXIV:1103.0240;%%"
}

@article{deNiverville:2012ij,
      author         = "deNiverville, Patrick and McKeen, David and Ritz, Adam",
      title          = "{Signatures of sub-GeV dark matter beams at neutrino
                        experiments}",
      journal        = "Phys. Rev.",
      volume         = "D86",
      year           = "2012",
      pages          = "035022",
      doi            = "10.1103/PhysRevD.86.035022",
      eprint         = "1205.3499",
      archivePrefix  = "arXiv",
      primaryClass   = "hep-ph",
      SLACcitation   = "%%CITATION = ARXIV:1205.3499;%%"
}

@article{Essig:2013vha,
      author         = "Essig, Rouven and Mardon, Jeremy and Papucci, Michele and
                        Volansky, Tomer and Zhong, Yi-Ming",
      title          = "{Constraining Light Dark Matter with Low-Energy $e^+e^-$
                        Colliders}",
      journal        = "JHEP",
      volume         = "11",
      year           = "2013",
      pages          = "167",
      doi            = "10.1007/JHEP11(2013)167",
      eprint         = "1309.5084",
      archivePrefix  = "arXiv",
      primaryClass   = "hep-ph",
      SLACcitation   = "%%CITATION = ARXIV:1309.5084;%%"
}

@article{Agrawal:2014ufa,
      author         = "Agrawal, Prateek and Chacko, Zackaria and Verhaaren,
                        Christopher B.",
      title          = "{Leptophilic Dark Matter and the Anomalous Magnetic
                        Moment of the Muon}",
      journal        = "JHEP",
      volume         = "08",
      year           = "2014",
      pages          = "147",
      doi            = "10.1007/JHEP08(2014)147",
      eprint         = "1402.7369",
      archivePrefix  = "arXiv",
      primaryClass   = "hep-ph",
      reportNumber   = "FERMILAB-PUB-14-016-T",
      SLACcitation   = "%%CITATION = ARXIV:1402.7369;%%"
}

@article{Babusci:2015zda,
      author         = "Anastasi, A. and others",
      title          = "{Search for dark Higgsstrahlung in $e^{+}e^{−} \to
                        \mu^{+}\mu^−$ and missing energy events with the KLOE
                        experiment}",
      collaboration  = "KLOE-2",
      journal        = "Phys. Lett.",
      volume         = "B747",
      year           = "2015",
      pages          = "365-372",
      doi            = "10.1016/j.physletb.2015.06.015",
      eprint         = "1501.06795",
      archivePrefix  = "arXiv",
      primaryClass   = "hep-ex",
      SLACcitation   = "%%CITATION = ARXIV:1501.06795;%%"
}

@article{Borodatchenkova:2005ct,
      author         = "Borodatchenkova, Natalia and Choudhury, Debajyoti and
                        Drees, Manuel",
      title          = "{Probing MeV dark matter at low-energy e+e- colliders}",
      journal        = "Phys. Rev. Lett.",
      volume         = "96",
      year           = "2006",
      pages          = "141802",
      doi            = "10.1103/PhysRevLett.96.141802",
      eprint         = "hep-ph/0510147",
      archivePrefix  = "arXiv",
      primaryClass   = "hep-ph",
      SLACcitation   = "%%CITATION = HEP-PH/0510147;%%"
}

@article{Lee:2015qva,
      author         = "Lee, Samuel K. and Lisanti, Mariangela and Mishra-Sharma,
                        Siddharth and Safdi, Benjamin R.",
      title          = "{Modulation Effects in Dark Matter-Electron Scattering
                        Experiments}",
      journal        = "Phys. Rev.",
      volume         = "D92",
      year           = "2015",
      number         = "8",
      pages          = "083517",
      doi            = "10.1103/PhysRevD.92.083517",
      eprint         = "1508.07361",
      archivePrefix  = "arXiv",
      primaryClass   = "hep-ph",
      reportNumber   = "MIT-CTP-4712",
      SLACcitation   = "%%CITATION = ARXIV:1508.07361;%%"
}

@article{Essig:2015cda,
      author         = "Essig, Rouven and Fernandez-Serra, Marivi and Mardon,
                        Jeremy and Soto, Adrian and Volansky, Tomer and Yu,
                        Tien-Tien",
      title          = "{Direct Detection of sub-GeV Dark Matter with
                        Semiconductor Targets}",
      journal        = "JHEP",
      volume         = "05",
      year           = "2016",
      pages          = "046",
      doi            = "10.1007/JHEP05(2016)046",
      eprint         = "1509.01598",
      archivePrefix  = "arXiv",
      primaryClass   = "hep-ph",
      SLACcitation   = "%%CITATION = ARXIV:1509.01598;%%"
}

@article{Derenzo:2016fse,
      author         = "Derenzo, Stephen and Essig, Rouven and Massari, Andrea
                        and Soto, Adrían and Yu, Tien-Tien",
      title          = "{Direct Detection of sub-GeV Dark Matter with
                        Scintillating Targets}",
      journal        = "Phys. Rev.",
      volume         = "D96",
      year           = "2017",
      number         = "1",
      pages          = "016026",
      doi            = "10.1103/PhysRevD.96.016026",
      eprint         = "1607.01009",
      archivePrefix  = "arXiv",
      primaryClass   = "hep-ph",
      SLACcitation   = "%%CITATION = ARXIV:1607.01009;%%"
}

@article{Lees:2017lec,
      author         = "Lees, J. P. and others",
      title          = "{Search for Invisible Decays of a Dark Photon Produced in
                        ${e}^{+}{e}^{-}$ Collisions at BaBar}",
      collaboration  = "BaBar",
      journal        = "Phys. Rev. Lett.",
      volume         = "119",
      year           = "2017",
      number         = "13",
      pages          = "131804",
      doi            = "10.1103/PhysRevLett.119.131804",
      eprint         = "1702.03327",
      archivePrefix  = "arXiv",
      primaryClass   = "hep-ex",
      reportNumber   = "BABAR-PUB-17-001, SLAC-PUB-16923",
      SLACcitation   = "%%CITATION = ARXIV:1702.03327;%%"
}

@article{Essig:2017kqs,
      author         = "Essig, Rouven and Volansky, Tomer and Yu, Tien-Tien",
      title          = "{New Constraints and Prospects for sub-GeV Dark Matter
                        Scattering off Electrons in Xenon}",
      journal        = "Phys. Rev.",
      volume         = "D96",
      year           = "2017",
      number         = "4",
      pages          = "043017",
      doi            = "10.1103/PhysRevD.96.043017",
      eprint         = "1703.00910",
      archivePrefix  = "arXiv",
      primaryClass   = "hep-ph",
      reportNumber   = "CERN-TH-2017-042, YITP-SB-17-09",
      SLACcitation   = "%%CITATION = ARXIV:1703.00910;%%"
}

@article{Chang:2018rso,
      author         = "Chang, Jae Hyeok and Essig, Rouven and McDermott, Samuel
                        D.",
      title          = "{Supernova 1987A Constraints on Sub-GeV Dark Sectors,
                        Millicharged Particles, the QCD Axion, and an Axion-like
                        Particle}",
      journal        = "JHEP",
      volume         = "09",
      year           = "2018",
      pages          = "051",
      doi            = "10.1007/JHEP09(2018)051",
      eprint         = "1803.00993",
      archivePrefix  = "arXiv",
      primaryClass   = "hep-ph",
      reportNumber   = "YITP-SB-18-01, FERMILAB-PUB-17-432-T",
      SLACcitation   = "%%CITATION = ARXIV:1803.00993;%%"
}
@article{Xu:2018efh,
      author         = "Xu, Weishuang Linda and Dvorkin, Cora and Chael, Andrew",
      title          = "{Probing sub-GeV Dark Matter-Baryon Scattering with
                        Cosmological Observables}",
      journal        = "Phys. Rev.",
      volume         = "D97",
      year           = "2018",
      number         = "10",
      pages          = "103530",
      doi            = "10.1103/PhysRevD.97.103530",
      eprint         = "1802.06788",
      archivePrefix  = "arXiv",
      primaryClass   = "astro-ph.CO",
      SLACcitation   = "%%CITATION = ARXIV:1802.06788;%%"
}

@article{Ho:2012ug,
      author         = "Ho, Chiu Man and Scherrer, Robert J.",
      title          = "{Limits on MeV Dark Matter from the Effective Number of
                        Neutrinos}",
      journal        = "Phys. Rev.",
      volume         = "D87",
      year           = "2013",
      number         = "2",
      pages          = "023505",
      doi            = "10.1103/PhysRevD.87.023505",
      eprint         = "1208.4347",
      archivePrefix  = "arXiv",
      primaryClass   = "astro-ph.CO",
      SLACcitation   = "%%CITATION = ARXIV:1208.4347;%%"
}

@article{Hasegawa:2019jsa,
      author         = "Hasegawa, Takuya and Hiroshima, Nagisa and Kohri,
                        Kazunori and Hansen, Rasmus S. L. and Tram, Thomas and
                        Hannestad, Steen",
      title          = "{MeV-scale reheating temperature and thermalization of
                        oscillating neutrinos by radiative and hadronic decays of
                        massive particles}",
      year           = "2019",
      eprint         = "1908.10189",
      archivePrefix  = "arXiv",
      primaryClass   = "hep-ph",
      reportNumber   = "KEK-TH-2149, KEK-Cosmo-242, RIKEN-iTHEMS-Report-19,
                        IPMU19-0120",
      SLACcitation   = "%%CITATION = ARXIV:1908.10189;%%"
}
@article{deSalas:2015glj,
      author         = "de Salas, P. F. and Lattanzi, M. and Mangano, G. and
                        Miele, G. and Pastor, S. and Pisanti, O.",
      title          = "{Bounds on very low reheating scenarios after Planck}",
      journal        = "Phys. Rev.",
      volume         = "D92",
      year           = "2015",
      number         = "12",
      pages          = "123534",
      doi            = "10.1103/PhysRevD.92.123534",
      eprint         = "1511.00672",
      archivePrefix  = "arXiv",
      primaryClass   = "astro-ph.CO",
      reportNumber   = "IFIC-15-70",
      SLACcitation   = "%%CITATION = ARXIV:1511.00672;%%"
}

@article{Kawasaki:2017bqm,
      author         = "Kawasaki, Masahiro and Kohri, Kazunori and Moroi, Takeo
                        and Takaesu, Yoshitaro",
      title          = "{Revisiting Big-Bang Nucleosynthesis Constraints on
                        Long-Lived Decaying Particles}",
      journal        = "Phys. Rev.",
      volume         = "D97",
      year           = "2018",
      number         = "2",
      pages          = "023502",
      doi            = "10.1103/PhysRevD.97.023502",
      eprint         = "1709.01211",
      archivePrefix  = "arXiv",
      primaryClass   = "hep-ph",
      reportNumber   = "KEK-COSMO-211, IPMU17-0117, UT-17-29, KEK-Cosmo-211,
                        KEK-TH-1998",
      SLACcitation   = "%%CITATION = ARXIV:1709.01211;%%"
}

@article{Hu:1993gc,
      author         = "Hu, W. and Silk, J.",
      title          = "{Thermalization constraints and spectral distortions for
                        massive unstable relic particles}",
      journal        = "Phys. Rev. Lett.",
      volume         = "70",
      year           = "1993",
      pages          = "2661-2664",
      doi            = "10.1103/PhysRevLett.70.2661",
      SLACcitation   = "%%CITATION = PRLTA,70,2661;%%"
}
@article{Hu:1992dc,
      author         = "Hu, Wayne and Silk, Joseph",
      title          = "{Thermalization and spectral distortions of the cosmic
                        background radiation}",
      journal        = "Phys. Rev.",
      volume         = "D48",
      year           = "1993",
      pages          = "485-502",
      doi            = "10.1103/PhysRevD.48.485",
      reportNumber   = "CFPA-TH-92-36",
      SLACcitation   = "%%CITATION = PHRVA,D48,485;%%"
}

@article{Ballett:2019cqp,
      author         = "Ballett, Peter and Hostert, Matheus and Pascoli, Silvia",
      title          = "{Neutrino Masses from a Dark Neutrino Sector below the
                        Electroweak Scale}",
      journal        = "Phys. Rev.",
      volume         = "D99",
      year           = "2019",
      number         = "9",
      pages          = "091701",
      doi            = "10.1103/PhysRevD.99.091701",
      eprint         = "1903.07590",
      archivePrefix  = "arXiv",
      primaryClass   = "hep-ph",
      reportNumber   = "IPPP/19/21",
      SLACcitation   = "%%CITATION = ARXIV:1903.07590;%%"
}
@article{Blinov:2019gcj,
      author         = "Blinov, Nikita and Kelly, Kevin James and Krnjaic, Gordan
                        Z and McDermott, Samuel D",
      title          = "{Constraining the Self-Interacting Neutrino
                        Interpretation of the Hubble Tension}",
      year           = "2019",
      eprint         = "1905.02727",
      archivePrefix  = "arXiv",
      primaryClass   = "astro-ph.CO",
      reportNumber   = "FERMILAB-PUB-19-175-A-T",
      SLACcitation   = "%%CITATION = ARXIV:1905.02727;%%"
}

@article{Okada:2010wd,
      author         = "Okada, Nobuchika and Seto, Osamu",
      title          = "{Higgs portal dark matter in the minimal gauged
                        $U(1)_{B-L}$ model}",
      journal        = "Phys. Rev.",
      volume         = "D82",
      year           = "2010",
      pages          = "023507",
      doi            = "10.1103/PhysRevD.82.023507",
      eprint         = "1002.2525",
      archivePrefix  = "arXiv",
      primaryClass   = "hep-ph",
      reportNumber   = "HGU-CAP-002",
      SLACcitation   = "%%CITATION = ARXIV:1002.2525;%%"
}


@article{Escudero:2018fwn,
      author         = "Escudero, Miguel and Witte, Samuel J. and Rius, Nuria",
      title          = "{The dispirited case of gauged U(1)$_{B-L}$ dark matter}",
      journal        = "JHEP",
      volume         = "08",
      year           = "2018",
      pages          = "190",
      doi            = "10.1007/JHEP08(2018)190",
      eprint         = "1806.02823",
      archivePrefix  = "arXiv",
      primaryClass   = "hep-ph",
      reportNumber   = "IFIC/18-21, FTUV-18-0524.0283, IFIC-18-21",
      SLACcitation   = "%%CITATION = ARXIV:1806.02823;%%"
}
@article{Foldenauer:2018zrz,
      author         = "Foldenauer, Patrick",
      title          = "{Light dark matter in a gauged $U(1)_{L_\mu-L_\tau}$
                        model}",
      journal        = "Phys. Rev.",
      volume         = "D99",
      year           = "2019",
      number         = "3",
      pages          = "035007",
      doi            = "10.1103/PhysRevD.99.035007",
      eprint         = "1808.03647",
      archivePrefix  = "arXiv",
      primaryClass   = "hep-ph",
      SLACcitation   = "%%CITATION = ARXIV:1808.03647;%%"
}

@article{Alvey:2019jzx,
      author         = "Alvey, J. B. G. and Fairbairn, M.",
      title          = "{Linking Scalar Dark Matter and Neutrino Masses with
                        IceCube 170922A}",
      journal        = "JCAP",
      volume         = "1907",
      year           = "2019",
      pages          = "041",
      doi            = "10.1088/1475-7516/2019/07/041",
      eprint         = "1902.01450",
      archivePrefix  = "arXiv",
      primaryClass   = "hep-ph",
      SLACcitation   = "%%CITATION = ARXIV:1902.01450;%%"
}

@article{Kamada:2018zxi,
      author         = "Kamada, Ayuki and Kaneta, Kunio and Yanagi, Keisuke and
                        Yu, Hai-Bo",
      title          = "{Self-interacting dark matter and muon $g-2$ in a gauged
                        U$(1)_{L_{\mu} - L_{\tau}}$ model}",
      journal        = "JHEP",
      volume         = "06",
      year           = "2018",
      pages          = "117",
      doi            = "10.1007/JHEP06(2018)117",
      eprint         = "1805.00651",
      archivePrefix  = "arXiv",
      primaryClass   = "hep-ph",
      reportNumber   = "CTPU-PTC-18-10, UMN-TH-3716/18, FTPI-MINN-18/07,
                        UT-18-10, UMN-TH-3716-18, FTPI-MINN-18-07",
      SLACcitation   = "%%CITATION = ARXIV:1805.00651;%%"
}

@article{Arcadi:2018tly,
      author         = "Arcadi, Giorgio and Hugle, Thomas and Queiroz, Farinaldo
                        S.",
      title          = "{The Dark $L_\mu - L_\tau$ Rises via Kinetic Mixing}",
      journal        = "Phys. Lett.",
      volume         = "B784",
      year           = "2018",
      pages          = "151-158",
      doi            = "10.1016/j.physletb.2018.07.028",
      eprint         = "1803.05723",
      archivePrefix  = "arXiv",
      primaryClass   = "hep-ph",
      reportNumber   = "IIPDM-2018-03",
      SLACcitation   = "%%CITATION = ARXIV:1803.05723;%%"
}
@article{Kamada:2015era,
      author         = "Kamada, Ayuki and Yu, Hai-Bo",
      title          = "{Coherent Propagation of PeV Neutrinos and the Dip in the
                        Neutrino Spectrum at IceCube}",
      journal        = "Phys. Rev.",
      volume         = "D92",
      year           = "2015",
      number         = "11",
      pages          = "113004",
      doi            = "10.1103/PhysRevD.92.113004",
      eprint         = "1504.00711",
      archivePrefix  = "arXiv",
      primaryClass   = "hep-ph",
      SLACcitation   = "%%CITATION = ARXIV:1504.00711;%%"
}
@article{Batell:2017cmf,
      author         = "Batell, Brian and Han, Tao and McKeen, David and Shams Es
                        Haghi, Barmak",
      title          = "{Thermal Dark Matter Through the Dirac Neutrino Portal}",
      journal        = "Phys. Rev.",
      volume         = "D97",
      year           = "2018",
      number         = "7",
      pages          = "075016",
      doi            = "10.1103/PhysRevD.97.075016",
      eprint         = "1709.07001",
      archivePrefix  = "arXiv",
      primaryClass   = "hep-ph",
      reportNumber   = "PITT-PACC-1710",
      SLACcitation   = "%%CITATION = ARXIV:1709.07001;%%"
}
@article{Boehm:2006mi,
      author         = "Boehm, Celine and Farzan, Yasaman and Hambye, Thomas and
                        Palomares-Ruiz, Sergio and Pascoli, Silvia",
      title          = "{Is it possible to explain neutrino masses with scalar
                        dark matter?}",
      journal        = "Phys. Rev.",
      volume         = "D77",
      year           = "2008",
      pages          = "043516",
      doi            = "10.1103/PhysRevD.77.043516",
      eprint         = "hep-ph/0612228",
      archivePrefix  = "arXiv",
      primaryClass   = "hep-ph",
      SLACcitation   = "%%CITATION = HEP-PH/0612228;%%"
}

@article{Farzan:2011ck,
      author         = "Farzan, Yasaman",
      title          = "{Flavoring Monochromatic Neutrino Flux from Dark Matter
                        Annihilation}",
      journal        = "JHEP",
      volume         = "02",
      year           = "2012",
      pages          = "091",
      doi            = "10.1007/JHEP02(2012)091",
      eprint         = "1111.1063",
      archivePrefix  = "arXiv",
      primaryClass   = "hep-ph",
      SLACcitation   = "%%CITATION = ARXIV:1111.1063;%%"
}
@article{Farzan:2009ji,
      author         = "Farzan, Yasaman",
      title          = "{A Minimal model linking two great mysteries: neutrino
                        mass and dark matter}",
      journal        = "Phys. Rev.",
      volume         = "D80",
      year           = "2009",
      pages          = "073009",
      doi            = "10.1103/PhysRevD.80.073009",
      eprint         = "0908.3729",
      archivePrefix  = "arXiv",
      primaryClass   = "hep-ph",
      SLACcitation   = "%%CITATION = ARXIV:0908.3729;%%"
}
@article{Krnjaic:2015mbs,
      author         = "Krnjaic, Gordan",
      title          = "{Probing Light Thermal Dark-Matter With a Higgs Portal
                        Mediator}",
      journal        = "Phys. Rev.",
      volume         = "D94",
      year           = "2016",
      number         = "7",
      pages          = "073009",
      doi            = "10.1103/PhysRevD.94.073009",
      eprint         = "1512.04119",
      archivePrefix  = "arXiv",
      primaryClass   = "hep-ph",
      reportNumber   = "FERMILAB-PUB-15-550-A",
      SLACcitation   = "%%CITATION = ARXIV:1512.04119;%%"
}


@article{Bauer:2018onh,
      author         = "Bauer, Martin and Foldenauer, Patrick and Jaeckel, Joerg",
      title          = "{Hunting All the Hidden Photons}",
      journal        = "JHEP",
      volume         = "07",
      year           = "2018",
      pages          = "094",
      doi            = "10.1007/JHEP07(2018)094",
      eprint         = "1803.05466",
      archivePrefix  = "arXiv",
      primaryClass   = "hep-ph",
      SLACcitation   = "%%CITATION = ARXIV:1803.05466;%%"
}
@article{Ilten:2018crw,
      author         = "Ilten, Philip and Soreq, Yotam and Williams, Mike and
                        Xue, Wei",
      title          = "{Serendipity in dark photon searches}",
      journal        = "JHEP",
      volume         = "06",
      year           = "2018",
      pages          = "004",
      doi            = "10.1007/JHEP06(2018)004",
      eprint         = "1801.04847",
      archivePrefix  = "arXiv",
      primaryClass   = "hep-ph",
      reportNumber   = "MIT-CTP/4976, CERN-TH-2017-282, MIT-CTP-4976",
      SLACcitation   = "%%CITATION = ARXIV:1801.04847;%%"
}
@article{Dolgov:2013una,
      author         = "Dolgov, A. D. and Dubovsky, S. L. and Rubtsov, G. I. and
                        Tkachev, I. I.",
      title          = "{Constraints on millicharged particles from Planck data}",
      journal        = "Phys. Rev.",
      volume         = "D88",
      year           = "2013",
      number         = "11",
      pages          = "117701",
      doi            = "10.1103/PhysRevD.88.117701",
      eprint         = "1310.2376",
      archivePrefix  = "arXiv",
      primaryClass   = "hep-ph",
      SLACcitation   = "%%CITATION = ARXIV:1310.2376;%%"
}

@article{Vogel:2013raa,
      author         = "Vogel, Hendrik and Redondo, Javier",
      title          = "{Dark Radiation constraints on minicharged particles in
                        models with a hidden photon}",
      journal        = "JCAP",
      volume         = "1402",
      year           = "2014",
      pages          = "029",
      doi            = "10.1088/1475-7516/2014/02/029",
      eprint         = "1311.2600",
      archivePrefix  = "arXiv",
      primaryClass   = "hep-ph",
      reportNumber   = "MPP-2013-224",
      SLACcitation   = "%%CITATION = ARXIV:1311.2600;%%"
}

@inproceedings{Essig:2013lka,
      author         = "Essig, Rouven and others",
      title          = "{Working Group Report: New Light Weakly Coupled
                        Particles}",
      year           = "2013",
      eprint         = "1311.0029",
      archivePrefix  = "arXiv",
      primaryClass   = "hep-ph",
      reportNumber   = "YITP-SB-36",
      SLACcitation   = "%%CITATION = ARXIV:1311.0029;%%"
}

@article{Fradette:2014sza,
      author         = "Fradette, Anthony and Pospelov, Maxim and Pradler, Josef
                        and Ritz, Adam",
      title          = "{Cosmological Constraints on Very Dark Photons}",
      journal        = "Phys. Rev.",
      volume         = "D90",
      year           = "2014",
      number         = "3",
      pages          = "035022",
      doi            = "10.1103/PhysRevD.90.035022",
      eprint         = "1407.0993",
      archivePrefix  = "arXiv",
      primaryClass   = "hep-ph",
      SLACcitation   = "%%CITATION = ARXIV:1407.0993;%%"
}
@article{Fradette:2018hhl,
      author         = "Fradette, Anthony and Pospelov, Maxim and Pradler, Josef
                        and Ritz, Adam",
      title          = "{Cosmological beam dump: constraints on dark scalars
                        mixed with the Higgs boson}",
      journal        = "Phys. Rev.",
      volume         = "D99",
      year           = "2019",
      number         = "7",
      pages          = "075004",
      doi            = "10.1103/PhysRevD.99.075004",
      eprint         = "1812.07585",
      archivePrefix  = "arXiv",
      primaryClass   = "hep-ph",
      SLACcitation   = "%%CITATION = ARXIV:1812.07585;%%"
}

@article{Bondarenko:2019vrb,
      author         = "Bondarenko, Kyrylo and Boyarsky, Alexey and Bringmann,
                        Torsten and Hufnagel, Marco and Schmidt-Hoberg, Kai and
                        Sokolenko, Anastasia",
      title          = "{Direct detection and complementary constraints for
                        sub-GeV dark matter}",
      year           = "2019",
      eprint         = "1909.08632",
      archivePrefix  = "arXiv",
      primaryClass   = "hep-ph",
      reportNumber   = "DESY-19-140",
      SLACcitation   = "%%CITATION = ARXIV:1909.08632;%%"
}

@article{Bertoni:2014mva,
      author         = "Bertoni, Bridget and Ipek, Seyda and McKeen, David and
                        Nelson, Ann E.",
      title          = "{Constraints and consequences of reducing small scale
                        structure via large dark matter-neutrino interactions}",
      journal        = "JHEP",
      volume         = "04",
      year           = "2015",
      pages          = "170",
      doi            = "10.1007/JHEP04(2015)170",
      eprint         = "1412.3113",
      archivePrefix  = "arXiv",
      primaryClass   = "hep-ph",
      SLACcitation   = "%%CITATION = ARXIV:1412.3113;%%"
}

@article{Arguelles:2017atb,
      author         = "Argüelles, Carlos A. and Kheirandish, Ali and Vincent,
                        Aaron C.",
      title          = "{Imaging Galactic Dark Matter with High-Energy Cosmic
                        Neutrinos}",
      journal        = "Phys. Rev. Lett.",
      volume         = "119",
      year           = "2017",
      number         = "20",
      pages          = "201801",
      doi            = "10.1103/PhysRevLett.119.201801",
      eprint         = "1703.00451",
      archivePrefix  = "arXiv",
      primaryClass   = "hep-ph",
      SLACcitation   = "%%CITATION = ARXIV:1703.00451;%%"
}

@article{Kolb:1990vq,
      author         = "Kolb, Edward W. and Turner, Michael S.",
      title          = "{The Early Universe}",
      journal        = "Front. Phys.",
      volume         = "69",
      year           = "1990",
      pages          = "1-547",
      SLACcitation   = "%%CITATION = FRPHA,69,1;%%"
}
@article{Blanco:2019hah,
      author         = "Blanco, Carlos and Escudero, Miguel and Hooper, Dan and
                        Witte, Samuel J.",
      title          = "{$Z'$ Mediated WIMPs: Dead, Dying, or Soon to be
                        Detected?}",
      year           = "2019",
      eprint         = "1907.05893",
      archivePrefix  = "arXiv",
      primaryClass   = "hep-ph",
      reportNumber   = "FERMILAB-PUB-19-331-A, KCL-2019-61",
      SLACcitation   = "%%CITATION = ARXIV:1907.05893;%%"
}


@article{Escudero:2016gzx,
      author         = "Escudero, Miguel and Berlin, Asher and Hooper, Dan and
                        Lin, Meng-Xiang",
      title          = "{Toward (Finally!) Ruling Out Z and Higgs Mediated Dark
                        Matter Models}",
      journal        = "JCAP",
      volume         = "1612",
      year           = "2016",
      pages          = "029",
      doi            = "10.1088/1475-7516/2016/12/029",
      eprint         = "1609.09079",
      archivePrefix  = "arXiv",
      primaryClass   = "hep-ph",
      reportNumber   = "IFIC-16-66, FERMILAB-PUB-16-370-A",
      SLACcitation   = "%%CITATION = ARXIV:1609.09079;%%"
}

@article{Athron:2017kgt,
      author         = "Athron, Peter and others",
      title          = "{Status of the scalar singlet dark matter model}",
      collaboration  = "GAMBIT",
      journal        = "Eur. Phys. J.",
      volume         = "C77",
      year           = "2017",
      number         = "8",
      pages          = "568",
      doi            = "10.1140/epjc/s10052-017-5113-1",
      eprint         = "1705.07931",
      archivePrefix  = "arXiv",
      primaryClass   = "hep-ph",
      reportNumber   = "COEPP-MN-17-10, CERN-TH-2017-170, NORDITA 2017-079,
                        CoEPP-MN-17-10",
      SLACcitation   = "%%CITATION = ARXIV:1705.07931;%%"
}
@article{Arcadi:2019lka,
      author         = "Arcadi, Giorgio and Djouadi, Abdelhak and Raidal, Martti",
      title          = "{Dark Matter through the Higgs portal}",
      year           = "2019",
      eprint         = "1903.03616",
      archivePrefix  = "arXiv",
      primaryClass   = "hep-ph",
      reportNumber   = "LAPTH-010/19",
      SLACcitation   = "%%CITATION = ARXIV:1903.03616;%%"
}

@article{Arcadi:2017kky,
      author         = "Arcadi, Giorgio and Dutra, Maíra and Ghosh, Pradipta and
                        Lindner, Manfred and Mambrini, Yann and Pierre, Mathias
                        and Profumo, Stefano and Queiroz, Farinaldo S.",
      title          = "{The waning of the WIMP? A review of models, searches,
                        and constraints}",
      journal        = "Eur. Phys. J.",
      volume         = "C78",
      year           = "2018",
      number         = "3",
      pages          = "203",
      doi            = "10.1140/epjc/s10052-018-5662-y",
      eprint         = "1703.07364",
      archivePrefix  = "arXiv",
      primaryClass   = "hep-ph",
      SLACcitation   = "%%CITATION = ARXIV:1703.07364;%%"
}


@article{Batell:2014yra,
      author         = "Batell, Brian and deNiverville, Patrick and McKeen, David
                        and Pospelov, Maxim and Ritz, Adam",
      title          = "{Leptophobic Dark Matter at Neutrino Factories}",
      journal        = "Phys. Rev.",
      volume         = "D90",
      year           = "2014",
      number         = "11",
      pages          = "115014",
      doi            = "10.1103/PhysRevD.90.115014",
      eprint         = "1405.7049",
      archivePrefix  = "arXiv",
      primaryClass   = "hep-ph",
      reportNumber   = "EFI-14-13",
      SLACcitation   = "%%CITATION = ARXIV:1405.7049;%%"
}

@article{Batell:2009yf,
      author         = "Batell, Brian and Pospelov, Maxim and Ritz, Adam",
      title          = "{Probing a Secluded U(1) at B-factories}",
      journal        = "Phys. Rev.",
      volume         = "D79",
      year           = "2009",
      pages          = "115008",
      doi            = "10.1103/PhysRevD.79.115008",
      eprint         = "0903.0363",
      archivePrefix  = "arXiv",
      primaryClass   = "hep-ph",
      SLACcitation   = "%%CITATION = ARXIV:0903.0363;%%"
}

@article{Bertone:2018xtm,
      author         = "Bertone, Gianfranco and Tait, Tim, M. P.",
      title          = "{A new era in the search for dark matter}",
      journal        = "Nature",
      volume         = "562",
      year           = "2018",
      number         = "7725",
      pages          = "51-56",
      doi            = "10.1038/s41586-018-0542-z",
      eprint         = "1810.01668",
      archivePrefix  = "arXiv",
      primaryClass   = "astro-ph.CO",
      SLACcitation   = "%%CITATION = ARXIV:1810.01668;%%"
}




@article{Lamprea:2019qet,
      author         = "Lamprea, J. M. and Peinado, E. and Smolenski, S. and
                        Wudka, J.",
      title          = "{Strongly Interacting Neutrino Portal Dark Matter}",
      year           = "2019",
      eprint         = "1906.02340",
      archivePrefix  = "arXiv",
      primaryClass   = "hep-ph",
      SLACcitation   = "%%CITATION = ARXIV:1906.02340;%%"
}

@article{Klop:2018ltd,
      author         = "Klop, Niki and Ando, Shin'ichiro",
      title          = "{Constraints on MeV dark matter using neutrino detectors
                        and their implication for the 21-cm results}",
      journal        = "Phys. Rev.",
      volume         = "D98",
      year           = "2018",
      number         = "10",
      pages          = "103004",
      doi            = "10.1103/PhysRevD.98.103004",
      eprint         = "1809.00671",
      archivePrefix  = "arXiv",
      primaryClass   = "hep-ph",
      SLACcitation   = "%%CITATION = ARXIV:1809.00671;%%"
}



@article{Berlin:2018sjs,
      author         = "Berlin, Asher and Hooper, Dan and Krnjaic, Gordan and
                        McDermott, Samuel D.",
      title          = "{Severely Constraining Dark Matter Interpretations of the
                        21-cm Anomaly}",
      journal        = "Phys. Rev. Lett.",
      volume         = "121",
      year           = "2018",
      number         = "1",
      pages          = "011102",
      doi            = "10.1103/PhysRevLett.121.011102",
      eprint         = "1803.02804",
      archivePrefix  = "arXiv",
      primaryClass   = "hep-ph",
      reportNumber   = "FERMILAB-PUB-18-066-A",
      SLACcitation   = "%%CITATION = ARXIV:1803.02804;%%"
}




@article{Campo:2017nwh,
      author         = "Olivares-Del Campo, Andrés and Bœhm, Céline and
                        Palomares-Ruiz, Sergio and Pascoli, Silvia",
      title          = "{Dark matter-neutrino interactions through the lens of
                        their cosmological implications}",
      journal        = "Phys. Rev.",
      volume         = "D97",
      year           = "2018",
      number         = "7",
      pages          = "075039",
      doi            = "10.1103/PhysRevD.97.075039",
      eprint         = "1711.05283",
      archivePrefix  = "arXiv",
      primaryClass   = "hep-ph",
      reportNumber   = "IFIC-17-54, IPPP-17-84",
      SLACcitation   = "%%CITATION = ARXIV:1711.05283;%%"
}

@article{Blennow:2019fhy,
      author         = "Blennow, M. and Fernandez-Martinez, E. and Olivares-Del
                        Campo, A. and Pascoli, S. and Rosauro-Alcaraz, S. and
                        Titov, A. V.",
      title          = "{Neutrino Portals to Dark Matter}",
      journal        = "Eur. Phys. J.",
      volume         = "C79",
      year           = "2019",
      number         = "7",
      pages          = "555",
      doi            = "10.1140/epjc/s10052-019-7060-5",
      eprint         = "1903.00006",
      archivePrefix  = "arXiv",
      primaryClass   = "hep-ph",
      reportNumber   = "FTUAM-19-5, IFT-UAM/CSIC-19-19, IPPP/19/17",
      SLACcitation   = "%%CITATION = ARXIV:1903.00006;%%"
}

@article{Kelly:2019wow,
      author         = "Kelly, Kevin J. and Zhang, Yue",
      title          = "{Mononeutrino at DUNE: New Signals from Neutrinophilic
                        Thermal Dark Matter}",
      journal        = "Phys. Rev.",
      volume         = "D99",
      year           = "2019",
      number         = "5",
      pages          = "055034",
      doi            = "10.1103/PhysRevD.99.055034",
      eprint         = "1901.01259",
      archivePrefix  = "arXiv",
      primaryClass   = "hep-ph",
      reportNumber   = "FERMILAB-PUB-19-002-T",
      SLACcitation   = "%%CITATION = ARXIV:1901.01259;%%"
}

@article{Agnes:2018oej,
      author         = "Agnes, P. and others",
      title          = "{Constraints on Sub-GeV Dark-Matter–Electron Scattering
                        from the DarkSide-50 Experiment}",
      collaboration  = "DarkSide",
      journal        = "Phys. Rev. Lett.",
      volume         = "121",
      year           = "2018",
      number         = "11",
      pages          = "111303",
      doi            = "10.1103/PhysRevLett.121.111303",
      eprint         = "1802.06998",
      archivePrefix  = "arXiv",
      primaryClass   = "astro-ph.CO",
      reportNumber   = "FERMILAB-PUB-18-052-AD-AE-CD-E",
      SLACcitation   = "%%CITATION = ARXIV:1802.06998;%%"
}

@article{Agnese:2018col,
      author         = "Agnese, R. and others",
      title          = "{First Dark Matter Constraints from a SuperCDMS
                        Single-Charge Sensitive Detector}",
      collaboration  = "SuperCDMS",
      journal        = "Phys. Rev. Lett.",
      volume         = "121",
      year           = "2018",
      number         = "5",
      pages          = "051301",
      doi            = "10.1103/PhysRevLett.122.069901,
                        10.1103/PhysRevLett.121.051301",
      note           = "[erratum: Phys. Rev. Lett.122,no.6,069901(2019)]",
      eprint         = "1804.10697",
      archivePrefix  = "arXiv",
      primaryClass   = "hep-ex",
      reportNumber   = "FERMILAB-PUB-18-150-AE",
      SLACcitation   = "%%CITATION = ARXIV:1804.10697;%%"
}

@article{Abramoff:2019dfb,
      author         = "Abramoff, Orr and others",
      title          = "{SENSEI: Direct-Detection Constraints on Sub-GeV Dark
                        Matter from a Shallow Underground Run Using a Prototype
                        Skipper-CCD}",
      collaboration  = "SENSEI",
      journal        = "Phys. Rev. Lett.",
      volume         = "122",
      year           = "2019",
      number         = "16",
      pages          = "161801",
      doi            = "10.1103/PhysRevLett.122.161801",
      eprint         = "1901.10478",
      archivePrefix  = "arXiv",
      primaryClass   = "hep-ex",
      reportNumber   = "YITP-2019-01, FERMILAB-PUB-19-039-AE",
      SLACcitation   = "%%CITATION = ARXIV:1901.10478;%%"
}
@article{Aprile:2019xxb,
      author         = "Aprile, E. and others",
      title          = "{Light Dark Matter Search with Ionization Signals in
                        XENON1T}",
      collaboration  = "XENON",
      year           = "2019",
      eprint         = "1907.11485",
      archivePrefix  = "arXiv",
      primaryClass   = "hep-ex",
      SLACcitation   = "%%CITATION = ARXIV:1907.11485;%%"
}


@inproceedings{Alexander:2016aln,
      author         = "Alexander, Jim and others",
      title          = "{Dark Sectors 2016 Workshop}",
      year           = "2016",
      eprint         = "1608.08632",
      archivePrefix  = "arXiv",
      primaryClass   = "hep-ph",
      reportNumber   = "FERMILAB-CONF-16-421",
      SLACcitation   = "%%CITATION = ARXIV:1608.08632;%%"
}

@inproceedings{Battaglieri:2017aum,
      author         = "Battaglieri, Marco and others",
      title          = "{US Cosmic Visions: New Ideas in Dark Matter 2017:
                        Community Report}",
      year           = "2017",
      eprint         = "1707.04591",
      archivePrefix  = "arXiv",
      primaryClass   = "hep-ph",
      reportNumber   = "FERMILAB-CONF-17-282-AE-PPD-T",
      SLACcitation   = "%%CITATION = ARXIV:1707.04591;%%"
}

@article{Aaij:2017rft,
      author         = "Aaij, Roel and others",
      title          = "{Search for Dark Photons Produced in 13 TeV $pp$
                        Collisions}",
      collaboration  = "LHCb",
      journal        = "Phys. Rev. Lett.",
      volume         = "120",
      year           = "2018",
      number         = "6",
      pages          = "061801",
      doi            = "10.1103/PhysRevLett.120.061801",
      eprint         = "1710.02867",
      archivePrefix  = "arXiv",
      primaryClass   = "hep-ex",
      reportNumber   = "LHCB-PAPER-2017-038, CERN-EP-2017-248",
      SLACcitation   = "%%CITATION = ARXIV:1710.02867;%%"
}

@article{Lees:2014xha,
      author         = "Lees, J. P. and others",
      title          = "{Search for a Dark Photon in $e^+e^-$ Collisions at
                        BaBar}",
      collaboration  = "BaBar",
      journal        = "Phys. Rev. Lett.",
      volume         = "113",
      year           = "2014",
      number         = "20",
      pages          = "201801",
      doi            = "10.1103/PhysRevLett.113.201801",
      eprint         = "1406.2980",
      archivePrefix  = "arXiv",
      primaryClass   = "hep-ex",
      reportNumber   = "BABAR-PUB-14-002, SLAC-PUB-15979",
      SLACcitation   = "%%CITATION = ARXIV:1406.2980;%%"
}

@article{Boehm:2003bt,
      author         = "Boehm, Celine and Hooper, Dan and Silk, Joseph and Casse,
                        Michel and Paul, Jacques",
      title          = "{MeV dark matter: Has it been detected?}",
      journal        = "Phys. Rev. Lett.",
      volume         = "92",
      year           = "2004",
      pages          = "101301",
      doi            = "10.1103/PhysRevLett.92.101301",
      eprint         = "astro-ph/0309686",
      archivePrefix  = "arXiv",
      primaryClass   = "astro-ph",
      SLACcitation   = "%%CITATION = ASTRO-PH/0309686;%%"
}
@article{Boehm:2003hm,
      author         = "Boehm, C. and Fayet, Pierre",
      title          = "{Scalar dark matter candidates}",
      journal        = "Nucl. Phys.",
      volume         = "B683",
      year           = "2004",
      pages          = "219-263",
      doi            = "10.1016/j.nuclphysb.2004.01.015",
      eprint         = "hep-ph/0305261",
      archivePrefix  = "arXiv",
      primaryClass   = "hep-ph",
      SLACcitation   = "%%CITATION = HEP-PH/0305261;%%"
}
@article{Feng:2008ya,
      author         = "Feng, Jonathan L. and Kumar, Jason",
      title          = "{The WIMPless Miracle: Dark-Matter Particles without
                        Weak-Scale Masses or Weak Interactions}",
      journal        = "Phys. Rev. Lett.",
      volume         = "101",
      year           = "2008",
      pages          = "231301",
      doi            = "10.1103/PhysRevLett.101.231301",
      eprint         = "0803.4196",
      archivePrefix  = "arXiv",
      primaryClass   = "hep-ph",
      reportNumber   = "UCI-TR-2008-10",
      SLACcitation   = "%%CITATION = ARXIV:0803.4196;%%"
}

@article{Akerib:2016vxi,
      author         = "Akerib, D. S. and others",
      title          = "{Results from a search for dark matter in the complete
                        LUX exposure}",
      collaboration  = "LUX",
      journal        = "Phys. Rev. Lett.",
      volume         = "118",
      year           = "2017",
      number         = "2",
      pages          = "021303",
      doi            = "10.1103/PhysRevLett.118.021303",
      eprint         = "1608.07648",
      archivePrefix  = "arXiv",
      primaryClass   = "astro-ph.CO",
      SLACcitation   = "%%CITATION = ARXIV:1608.07648;%%"
}
@article{Cui:2017nnn,
      author         = "Cui, Xiangyi and others",
      title          = "{Dark Matter Results From 54-Ton-Day Exposure of
                        PandaX-II Experiment}",
      collaboration  = "PandaX-II",
      journal        = "Phys. Rev. Lett.",
      volume         = "119",
      year           = "2017",
      number         = "18",
      pages          = "181302",
      doi            = "10.1103/PhysRevLett.119.181302",
      eprint         = "1708.06917",
      archivePrefix  = "arXiv",
      primaryClass   = "astro-ph.CO",
      SLACcitation   = "%%CITATION = ARXIV:1708.06917;%%"
}
@article{Pisanti:2007hk,
      author         = "Pisanti, O. and Cirillo, A. and Esposito, S. and Iocco,
                        F. and Mangano, G. and Miele, G. and Serpico, P. D.",
      title          = "{PArthENoPE: Public Algorithm Evaluating the
                        Nucleosynthesis of Primordial Elements}",
      journal        = "Comput. Phys. Commun.",
      volume         = "178",
      year           = "2008",
      pages          = "956-971",
      doi            = "10.1016/j.cpc.2008.02.015",
      eprint         = "0705.0290",
      archivePrefix  = "arXiv",
      primaryClass   = "astro-ph",
      reportNumber   = "DSF-13-07, FERMILAB-PUB-07-079-A, SLAC-PUB-12488",
      SLACcitation   = "%%CITATION = ARXIV:0705.0290;%%"
}

@article{Consiglio:2017pot,
      author         = "Consiglio, R. and de Salas, P. F. and Mangano, G. and
                        Miele, G. and Pastor, S. and Pisanti, O.",
      title          = "{PArthENoPE reloaded}",
      journal        = "Comput. Phys. Commun.",
      volume         = "233",
      year           = "2018",
      pages          = "237-242",
      doi            = "10.1016/j.cpc.2018.06.022",
      eprint         = "1712.04378",
      archivePrefix  = "arXiv",
      primaryClass   = "astro-ph.CO",
      SLACcitation   = "%%CITATION = ARXIV:1712.04378;%%"
}
@article{Brinckmann:2018cvx,
      author         = "Brinckmann, Thejs and Lesgourgues, Julien",
      title          = "{MontePython 3: boosted MCMC sampler and other features}",
      year           = "2018",
      eprint         = "1804.07261",
      archivePrefix  = "arXiv",
      primaryClass   = "astro-ph.CO",
      SLACcitation   = "%%CITATION = ARXIV:1804.07261;%%"
}
@article{Audren:2012wb,
      author         = "Audren, Benjamin and Lesgourgues, Julien and Benabed,
                        Karim and Prunet, Simon",
      title          = "{Conservative Constraints on Early Cosmology: an
                        illustration of the Monte Python cosmological parameter
                        inference code}",
      journal        = "JCAP",
      volume         = "1302",
      pages          = "001",
      doi            = "10.1088/1475-7516/2013/02/001",
      year           = "2013",
      eprint         = "1210.7183",
      archivePrefix  = "arXiv",
      primaryClass   = "astro-ph.CO",
      reportNumber   = "CERN-PH-TH-2012-290, LAPTH-048-12",
      SLACcitation   = "%%CITATION = ARXIV:1210.7183;%%",
}

@article{Beutler:2011hx,
      author         = "Beutler, Florian and Blake, Chris and Colless, Matthew
                        and Jones, D. Heath and Staveley-Smith, Lister and
                        Campbell, Lachlan and Parker, Quentin and Saunders, Will
                        and Watson, Fred",
      title          = "{The 6dF Galaxy Survey: Baryon Acoustic Oscillations and
                        the Local Hubble Constant}",
      journal        = "Mon. Not. Roy. Astron. Soc.",
      volume         = "416",
      year           = "2011",
      pages          = "3017-3032",
      doi            = "10.1111/j.1365-2966.2011.19250.x",
      eprint         = "1106.3366",
      archivePrefix  = "arXiv",
      primaryClass   = "astro-ph.CO",
      SLACcitation   = "%%CITATION = ARXIV:1106.3366;%%"
}



@article{Ross:2014qpa,
      author         = "Ross, Ashley J. and Samushia, Lado and Howlett, Cullan
                        and Percival, Will J. and Burden, Angela and Manera, Marc",
      title          = "{The clustering of the SDSS DR7 main Galaxy sample ? I.
                        A 4 per cent distance measure at $z = 0.15$}",
      journal        = "Mon. Not. Roy. Astron. Soc.",
      volume         = "449",
      year           = "2015",
      number         = "1",
      pages          = "835-847",
      doi            = "10.1093/mnras/stv154",
      eprint         = "1409.3242",
      archivePrefix  = "arXiv",
      primaryClass   = "astro-ph.CO",
      SLACcitation   = "%%CITATION = ARXIV:1409.3242;%%"
}


@article{Alam:2016hwk,
      author         = "Alam, Shadab and others",
      title          = "{The clustering of galaxies in the completed SDSS-III
                        Baryon Oscillation Spectroscopic Survey: cosmological
                        analysis of the DR12 galaxy sample}",
      collaboration  = "BOSS",
      journal        = "Mon. Not. Roy. Astron. Soc.",
      volume         = "470",
      year           = "2017",
      number         = "3",
      pages          = "2617-2652",
      doi            = "10.1093/mnras/stx721",
      eprint         = "1607.03155",
      archivePrefix  = "arXiv",
      primaryClass   = "astro-ph.CO",
      SLACcitation   = "%%CITATION = ARXIV:1607.03155;%%"
}

@article{Lesgourgues:2011re,
      author         = "Lesgourgues, Julien",
      title          = "{The Cosmic Linear Anisotropy Solving System (CLASS) I:
                        Overview}",
      year           = "2011",
      eprint         = "1104.2932",
      archivePrefix  = "arXiv",
      primaryClass   = "astro-ph.IM",
      SLACcitation   = "%%CITATION = ARXIV:1104.2932;%%"
}

@article{Pospelov:2010hj,
      author         = "Pospelov, Maxim and Pradler, Josef",
      title          = "{Big Bang Nucleosynthesis as a Probe of New Physics}",
      journal        = "Ann. Rev. Nucl. Part. Sci.",
      volume         = "60",
      year           = "2010",
      pages          = "539-568",
      doi            = "10.1146/annurev.nucl.012809.104521",
      eprint         = "1011.1054",
      archivePrefix  = "arXiv",
      primaryClass   = "hep-ph",
      SLACcitation   = "%%CITATION = ARXIV:1011.1054;%%"
}

@article{Iocco:2008va,
      author         = "Iocco, Fabio and Mangano, Gianpiero and Miele, Gennaro
                        and Pisanti, Ofelia and Serpico, Pasquale D.",
      title          = "{Primordial Nucleosynthesis: from precision cosmology to
                        fundamental physics}",
      journal        = "Phys. Rept.",
      volume         = "472",
      year           = "2009",
      pages          = "1-76",
      doi            = "10.1016/j.physrep.2009.02.002",
      eprint         = "0809.0631",
      archivePrefix  = "arXiv",
      primaryClass   = "astro-ph",
      reportNumber   = "DSF-20-2008, FERMILAB-PUB-08-216-A, IFIC-08-37",
      SLACcitation   = "%%CITATION = ARXIV:0809.0631;%%"
}


@article{Sarkar:1995dd,
      author         = "Sarkar, Subir",
      title          = "{Big bang nucleosynthesis and physics beyond the standard
                        model}",
      journal        = "Rept. Prog. Phys.",
      volume         = "59",
      year           = "1996",
      pages          = "1493-1610",
      doi            = "10.1088/0034-4885/59/12/001",
      eprint         = "hep-ph/9602260",
      archivePrefix  = "arXiv",
      primaryClass   = "hep-ph",
      reportNumber   = "OUTP-95-16-P",
      SLACcitation   = "%%CITATION = HEP-PH/9602260;%%"
}

@article{DiValentino:2016hlg,
      author         = "Di Valentino, Eleonora and Melchiorri, Alessandro and
                        Silk, Joseph",
      title          = "{Reconciling Planck with the local value of $H_0$ in
                        extended parameter space}",
      journal        = "Phys. Lett.",
      volume         = "B761",
      year           = "2016",
      pages          = "242-246",
      doi            = "10.1016/j.physletb.2016.08.043",
      eprint         = "1606.00634",
      archivePrefix  = "arXiv",
      primaryClass   = "astro-ph.CO",
      SLACcitation   = "%%CITATION = ARXIV:1606.00634;%%"
}

@article{DiValentino:2017zyq,
      author         = "Di Valentino, Eleonora and Melchiorri, Alessandro and
                        Linder, Eric V. and Silk, Joseph",
      title          = "{Constraining Dark Energy Dynamics in Extended Parameter
                        Space}",
      journal        = "Phys. Rev.",
      volume         = "D96",
      year           = "2017",
      number         = "2",
      pages          = "023523",
      doi            = "10.1103/PhysRevD.96.023523",
      eprint         = "1704.00762",
      archivePrefix  = "arXiv",
      primaryClass   = "astro-ph.CO",
      SLACcitation   = "%%CITATION = ARXIV:1704.00762;%%"
}


@article{Wilkinson:2016gsy,
      author         = "Wilkinson, Ryan J. and Vincent, Aaron C. and Boehm,
                        Céline and McCabe, Christopher",
      title          = "{Ruling out the light weakly interacting massive particle
                        explanation of the Galactic 511 keV line}",
      journal        = "Phys. Rev.",
      volume         = "D94",
      year           = "2016",
      number         = "10",
      pages          = "103525",
      doi            = "10.1103/PhysRevD.94.103525",
      eprint         = "1602.01114",
      archivePrefix  = "arXiv",
      primaryClass   = "astro-ph.CO",
      reportNumber   = "IPPP-16-09",
      SLACcitation   = "%%CITATION = ARXIV:1602.01114;%%"
}

@article{Berlin:2019pbq,
      author         = "Berlin, Asher and Blinov, Nikita and Li, Shirley Weishi",
      title          = "{Dark Sector Equilibration During Nucleosynthesis}",
      journal        = "Phys. Rev.",
      volume         = "D100",
      year           = "2019",
      number         = "1",
      pages          = "015038",
      doi            = "10.1103/PhysRevD.100.015038",
      eprint         = "1904.04256",
      archivePrefix  = "arXiv",
      primaryClass   = "hep-ph",
      reportNumber   = "FERMILAB-PUB-19-138-A-T, SLAC-PUB-17421",
      SLACcitation   = "%%CITATION = ARXIV:1904.04256;%%"
}

@article{Depta:2019lbe,
      author         = "Depta, Paul Frederik and Hufnagel, Marco and
                        Schmidt-Hoberg, Kai and Wild, Sebastian",
      title          = "{BBN constraints on the annihilation of MeV-scale dark
                        matter}",
      journal        = "JCAP",
      volume         = "1904",
      year           = "2019",
      pages          = "029",
      doi            = "10.1088/1475-7516/2019/04/029",
      eprint         = "1901.06944",
      archivePrefix  = "arXiv",
      primaryClass   = "hep-ph",
      reportNumber   = "DESY-19-006, DESY 19-006",
      SLACcitation   = "%%CITATION = ARXIV:1901.06944;%%"
}

@article{Nollett:2013pwa,
      author         = "Nollett, Kenneth M. and Steigman, Gary",
      title          = "{BBN And The CMB Constrain Light, Electromagnetically
                        Coupled WIMPs}",
      journal        = "Phys. Rev.",
      volume         = "D89",
      year           = "2014",
      number         = "8",
      pages          = "083508",
      doi            = "10.1103/PhysRevD.89.083508",
      eprint         = "1312.5725",
      archivePrefix  = "arXiv",
      primaryClass   = "astro-ph.CO",
      SLACcitation   = "%%CITATION = ARXIV:1312.5725;%%"
}

@article{Nollett:2014lwa,
      author         = "Nollett, Kenneth M. and Steigman, Gary",
      title          = "{BBN And The CMB Constrain Neutrino Coupled Light WIMPs}",
      journal        = "Phys. Rev.",
      volume         = "D91",
      year           = "2015",
      number         = "8",
      pages          = "083505",
      doi            = "10.1103/PhysRevD.91.083505",
      eprint         = "1411.6005",
      archivePrefix  = "arXiv",
      primaryClass   = "astro-ph.CO",
      SLACcitation   = "%%CITATION = ARXIV:1411.6005;%%"
}


@article{Boehm:2013jpa,
      author         = "Boehm, Céline and Dolan, Matthew J. and McCabe,
                        Christopher",
      title          = "{A Lower Bound on the Mass of Cold Thermal Dark Matter
                        from Planck}",
      journal        = "JCAP",
      volume         = "1308",
      year           = "2013",
      pages          = "041",
      doi            = "10.1088/1475-7516/2013/08/041",
      eprint         = "1303.6270",
      archivePrefix  = "arXiv",
      primaryClass   = "hep-ph",
      reportNumber   = "IPPP-13-18, DCPT-13-36",
      SLACcitation   = "%%CITATION = ARXIV:1303.6270;%%"
}


@article{Boehm:2012gr,
      author         = "Boehm, Celine and Dolan, Matthew J. and McCabe,
                        Christopher",
      title          = "{Increasing Neff with particles in thermal equilibrium
                        with neutrinos}",
      journal        = "JCAP",
      volume         = "1212",
      year           = "2012",
      pages          = "027",
      doi            = "10.1088/1475-7516/2012/12/027",
      eprint         = "1207.0497",
      archivePrefix  = "arXiv",
      primaryClass   = "astro-ph.CO",
      reportNumber   = "IPPP-12-44, DCPT-12-88",
      SLACcitation   = "%%CITATION = ARXIV:1207.0497;%%"
}

@article{Serpico:2004nm,
      author         = "Serpico, Pasquale Dario and Raffelt, Georg G.",
      title          = "{MeV-mass dark matter and primordial nucleosynthesis}",
      journal        = "Phys. Rev.",
      volume         = "D70",
      year           = "2004",
      pages          = "043526",
      doi            = "10.1103/PhysRevD.70.043526",
      eprint         = "astro-ph/0403417",
      archivePrefix  = "arXiv",
      primaryClass   = "astro-ph",
      reportNumber   = "MPP-2004-34",
      SLACcitation   = "%%CITATION = ASTRO-PH/0403417;%%"
}

@article{Grohs:2019cae,
      author         = "Grohs, Evan B. and Bond, J. Richard and Cooke, Ryan J.
                        and Fuller, George M. and Meyers, Joel and Paris, Mark W.",
      title          = "{Big Bang Nucleosynthesis and Neutrino Cosmology}",
      year           = "2019",
      eprint         = "1903.09187",
      archivePrefix  = "arXiv",
      primaryClass   = "astro-ph.CO",
      reportNumber   = "LA-UR-19-22355",
      SLACcitation   = "%%CITATION = ARXIV:1903.09187;%%"
}
@article{Trezzi:2018qjs,
      author         = "Trezzi, Davide and Trezzi",
      title          = "{Study of the 2H(p,γ)3He reaction in the BBN energy
                        range at LUNA}",
      booktitle      = "{Proceedings, 7th Nuclear Physics in Astrophysics and
                        28th International Nuclear Physics Divisional Conference
                        of the European Physical Society (NPA7): York, UK, May
                        18-22, 2015}",
      collaboration  = "LUNA",
      journal        = "J. Phys. Conf. Ser.",
      volume         = "940",
      year           = "2018",
      number         = "1",
      pages          = "012059",
      doi            = "10.1088/1742-6596/940/1/012059",
      SLACcitation   = "%%CITATION = 00462,940,012059;%%"
}

@article{Ade:2018sbj,
      author         = "Aguirre, James and others",
      title          = "{The Simons Observatory: Science goals and forecasts}",
      collaboration  = "Simons Observatory",
      journal        = "JCAP",
      volume         = "1902",
      year           = "2019",
      pages          = "056",
      doi            = "10.1088/1475-7516/2019/02/056",
      eprint         = "1808.07445",
      archivePrefix  = "arXiv",
      primaryClass   = "astro-ph.CO",
      SLACcitation   = "%%CITATION = ARXIV:1808.07445;%%"
}

@article{Abazajian:2016yjj,
      author         = "Abazajian, Kevork N. and others",
      title          = "{CMB-S4 Science Book, First Edition}",
      collaboration  = "CMB-S4",
      year           = "2016",
      eprint         = "1610.02743",
      archivePrefix  = "arXiv",
      primaryClass   = "astro-ph.CO",
      reportNumber   = "FERMILAB-FN-1024-A-AE",
      SLACcitation   = "%%CITATION = ARXIV:1610.02743;%%"
}
@article{Abazajian:2019eic,
      author         = "Abazajian, Kevork and others",
      title          = "{CMB-S4 Science Case, Reference Design, and Project
                        Plan}",
      year           = "2019",
      eprint         = "1907.04473",
      archivePrefix  = "arXiv",
      primaryClass   = "astro-ph.IM",
      reportNumber   = "FERMILAB-PUB-19-431-AE-SCD",
      SLACcitation   = "%%CITATION = ARXIV:1907.04473;%%"
}

@article{DiValentino:2016foa,
      author         = "Di Valentino, Eleonora and others",
      title          = "{Exploring cosmic origins with CORE: Cosmological
                        parameters}",
      collaboration  = "CORE",
      journal        = "JCAP",
      volume         = "1804",
      year           = "2018",
      pages          = "017",
      doi            = "10.1088/1475-7516/2018/04/017",
      eprint         = "1612.00021",
      archivePrefix  = "arXiv",
      primaryClass   = "astro-ph.CO",
      SLACcitation   = "%%CITATION = ARXIV:1612.00021;%%"
}

@article{Hanany:2019lle,
      author         = "Hanany, Shaul and others",
      title          = "{PICO: Probe of Inflation and Cosmic Origins}",
      collaboration  = "NASA PICO",
      year           = "2019",
      eprint         = "1902.10541",
      archivePrefix  = "arXiv",
      primaryClass   = "astro-ph.IM",
      SLACcitation   = "%%CITATION = ARXIV:1902.10541;%%"
}

@article{Bernal:2016gxb,
      author         = "Bernal, Jose Luis and Verde, Licia and Riess, Adam G.",
      title          = "{The trouble with $H_0$}",
      journal        = "JCAP",
      volume         = "1610",
      year           = "2016",
      number         = "10",
      pages          = "019",
      doi            = "10.1088/1475-7516/2016/10/019",
      eprint         = "1607.05617",
      archivePrefix  = "arXiv",
      primaryClass   = "astro-ph.CO",
      SLACcitation   = "%%CITATION = ARXIV:1607.05617;%%"
}
@inproceedings{Verde:2019ivm,
      author         = "Verde, L. and Treu, T. and Riess, A. G.",
      title          = "{Tensions between the Early and the Late Universe}",
      year           = "2019",
      eprint         = "1907.10625",
      archivePrefix  = "arXiv",
      primaryClass   = "astro-ph.CO",
      SLACcitation   = "%%CITATION = ARXIV:1907.10625;%%"
}
@article{Riess:2019cxk,
      author         = "Riess, Adam G. and Casertano, Stefano and Yuan, Wenlong
                        and Macri, Lucas M. and Scolnic, Dan",
      title          = "{Large Magellanic Cloud Cepheid Standards Provide a 1\%
                        Foundation for the Determination of the Hubble Constant
                        and Stronger Evidence for Physics beyond $\Lambda$CDM}",
      journal        = "Astrophys. J.",
      volume         = "876",
      year           = "2019",
      number         = "1",
      pages          = "85",
      doi            = "10.3847/1538-4357/ab1422",
      eprint         = "1903.07603",
      archivePrefix  = "arXiv",
      primaryClass   = "astro-ph.CO",
      SLACcitation   = "%%CITATION = ARXIV:1903.07603;%%"
}
@article{Steigman:2012nb,
      author         = "Steigman, Gary and Dasgupta, Basudeb and Beacom, John F.",
      title          = "{Precise Relic WIMP Abundance and its Impact on Searches
                        for Dark Matter Annihilation}",
      journal        = "Phys. Rev.",
      volume         = "D86",
      year           = "2012",
      pages          = "023506",
      doi            = "10.1103/PhysRevD.86.023506",
      eprint         = "1204.3622",
      archivePrefix  = "arXiv",
      primaryClass   = "hep-ph",
      SLACcitation   = "%%CITATION = ARXIV:1204.3622;%%"
}

@article{Aghanim:2019ame,
      author         = "Aghanim, N. and others",
      title          = "{Planck 2018 results. V. CMB power spectra and
                        likelihoods}",
      collaboration  = "Planck",
      year           = "2019",
      eprint         = "1907.12875",
      archivePrefix  = "arXiv",
      primaryClass   = "astro-ph.CO",
      SLACcitation   = "%%CITATION = ARXIV:1907.12875;%%"
}


@ARTICLE{2018MNRAS.477.5536Z,
       author = {{Zavarygin}, E.~O. and {Webb}, J.~K. and {Dumont}, V. and
         {Riemer-S{\o}rensen}, S.},
        title = "{The primordial deuterium abundance at z$_{abs}$ = 2.504 from a high signal-to-noise spectrum of Q1009+2956}",
      journal = "Mon. Not. Roy. Astron. Soc.",
     keywords = {ISM: clouds, quasars: absorption lines, quasars: individual: (Q1009+2956), cosmology: observations, Astrophysics - Astrophysics of Galaxies},
         year = "2018",
        month = "Jul",
       volume = {477},
       number = {4},
        pages = {5536-5553},
          doi = {10.1093/mnras/sty1003},
archivePrefix = {arXiv},
       eprint = {1706.09512},
 primaryClass = {astro-ph.GA},
       adsurl = {https://ui.adsabs.harvard.edu/abs/2018MNRAS.477.5536Z},
      adsnote = {Provided by the SAO/NASA Astrophysics Data System}
}
@article{Riemer-Sorensen:2017pey,
      author         = "Riemer-Sørensen, S. and Kotuš, S. and Webb, J. K. and
                        Ali, K. and Dumont, V. and Murphy, M. T. and Carswell, R.
                        F.",
      title          = "{A precise deuterium abundance: remeasurement of the
                        z = 3.572 absorption system towards the quasar
                        PKS1937–101}",
      journal        = "Mon. Not. Roy. Astron. Soc.",
      volume         = "468",
      year           = "2017",
      number         = "3",
      pages          = "3239-3250",
      doi            = "10.1093/mnras/stx681",
      eprint         = "1703.06656",
      archivePrefix  = "arXiv",
      primaryClass   = "astro-ph.CO",
      SLACcitation   = "%%CITATION = ARXIV:1703.06656;%%"
}

@article{Balashev:2015hoe,
      author         = "Balashev, S. A. and Zavarygin, E. O. and Ivanchik, A. V.
                        and Telikova, K. N. and Varshalovich, D. A.",
      title          = "{The primordial deuterium abundance: subDLA system at
                        $z_{\rm abs}=2.437$ towards the QSO J 1444+2919}",
      journal        = "Mon. Not. Roy. Astron. Soc.",
      volume         = "458",
      year           = "2016",
      number         = "2",
      pages          = "2188-2198",
      doi            = "10.1093/mnras/stw356",
      eprint         = "1511.01797",
      archivePrefix  = "arXiv",
      primaryClass   = "astro-ph.GA",
      SLACcitation   = "%%CITATION = ARXIV:1511.01797;%%"
}
@article{Aaboud:2017phn,
      author         = "Aaboud, Morad and others",
      title          = "{Search for dark matter and other new phenomena in events
                        with an energetic jet and large missing transverse
                        momentum using the ATLAS detector}",
      collaboration  = "ATLAS",
      journal        = "JHEP",
      volume         = "01",
      year           = "2018",
      pages          = "126",
      doi            = "10.1007/JHEP01(2018)126",
      eprint         = "1711.03301",
      archivePrefix  = "arXiv",
      primaryClass   = "hep-ex",
      reportNumber   = "CERN-EP-2017-230",
      SLACcitation   = "%%CITATION = ARXIV:1711.03301;%%"
}

@article{Sirunyan:2018xlo,
      author         = "Sirunyan, Albert M and others",
      title          = "{Search for narrow and broad dijet resonances in
                        proton-proton collisions at $ \sqrt{s}=13 $ TeV and
                        constraints on dark matter mediators and other new
                        particles}",
      collaboration  = "CMS",
      journal        = "JHEP",
      volume         = "08",
      year           = "2018",
      pages          = "130",
      doi            = "10.1007/JHEP08(2018)130",
      eprint         = "1806.00843",
      archivePrefix  = "arXiv",
      primaryClass   = "hep-ex",
      reportNumber   = "CMS-EXO-16-056, CERN-EP-2018-123",
      SLACcitation   = "%%CITATION = ARXIV:1806.00843;%%"
}

@article{Aprile:2018dbl,
      author         = "Aprile, E. and others",
      title          = "{Dark Matter Search Results from a One Ton-Year Exposure
                        of XENON1T}",
      collaboration  = "XENON",
      journal        = "Phys. Rev. Lett.",
      volume         = "121",
      year           = "2018",
      number         = "11",
      pages          = "111302",
      doi            = "10.1103/PhysRevLett.121.111302",
      eprint         = "1805.12562",
      archivePrefix  = "arXiv",
      primaryClass   = "astro-ph.CO",
      SLACcitation   = "%%CITATION = ARXIV:1805.12562;%%"
}
@article{TheFermi-LAT:2017vmf,
      author         = "Ackermann, M. and others",
      title          = "{The Fermi Galactic Center GeV Excess and Implications
                        for Dark Matter}",
      collaboration  = "Fermi-LAT",
      journal        = "Astrophys. J.",
      volume         = "840",
      year           = "2017",
      number         = "1",
      pages          = "43",
      doi            = "10.3847/1538-4357/aa6cab",
      eprint         = "1704.03910",
      archivePrefix  = "arXiv",
      primaryClass   = "astro-ph.HE",
      SLACcitation   = "%%CITATION = ARXIV:1704.03910;%%"
}


@article{Cooke:2016rky,
      author         = "Cooke, Ryan J. and Pettini, Max and Nollett, Kenneth M.
                        and Jorgenson, Regina",
      title          = "{The primordial deuterium abundance of the most
                        metal-poor damped Ly$\alpha$ system}",
      journal        = "Astrophys. J.",
      volume         = "830",
      year           = "2016",
      number         = "2",
      pages          = "148",
      doi            = "10.3847/0004-637X/830/2/148",
      eprint         = "1607.03900",
      archivePrefix  = "arXiv",
      primaryClass   = "astro-ph.CO",
      SLACcitation   = "%%CITATION = ARXIV:1607.03900;%%"
}

@article{Izotov:2014fga,
      author         = "Izotov, Y. I. and Thuan, T. X. and Guseva, N. G.",
      title          = "{A new determination of the primordial He abundance using
                        the He i $\lambda$10830 Å emission line: cosmological
                        implications}",
      journal        = "Mon. Not. Roy. Astron. Soc.",
      volume         = "445",
      year           = "2014",
      number         = "1",
      pages          = "778-793",
      doi            = "10.1093/mnras/stu1771",
      eprint         = "1408.6953",
      archivePrefix  = "arXiv",
      primaryClass   = "astro-ph.CO",
      SLACcitation   = "%%CITATION = ARXIV:1408.6953;%%"
}

@INPROCEEDINGS{2017RMxAC..49..181P,
   author = {{Peimbert}, M. and {Peimbert}, A. and {Luridiana}, V.},
    title = "{A new determination of the primordial helium abundance}",
booktitle = {Revista Mexicana de Astronomia y Astrofisica Conference Series},
     year = 2017,
   series = {Revista Mexicana de Astronomia y Astrofisica, vol.~27},
   volume = 49,
   month = jul,
   pages = {181-181},
   adsurl = {http://adsabs.harvard.edu/abs/2017RMxAC..49..181P},
  adsnote = {Provided by the SAO/NASA Astrophysics Data System}
}


@article{Aver:2015iza,
      author         = "Aver, Erik and Olive, Keith A. and Skillman, Evan D.",
      title          = "{The effects of He I ?10830 on helium abundance
                        determinations}",
      journal        = "JCAP",
      volume         = "1507",
      year           = "2015",
      number         = "07",
      pages          = "011",
      doi            = "10.1088/1475-7516/2015/07/011",
      eprint         = "1503.08146",
      archivePrefix  = "arXiv",
      primaryClass   = "astro-ph.CO",
      SLACcitation   = "%%CITATION = ARXIV:1503.08146;%%"
}

@article{Cooke:2017cwo,
      author         = "Cooke, Ryan J. and Pettini, Max and Steidel, Charles C.",
      title          = "{One Percent Determination of the Primordial Deuterium
                        Abundance}",
      journal        = "Astrophys. J.",
      volume         = "855",
      year           = "2018",
      number         = "2",
      pages          = "102",
      doi            = "10.3847/1538-4357/aaab53",
      eprint         = "1710.11129",
      archivePrefix  = "arXiv",
      primaryClass   = "astro-ph.CO",
      SLACcitation   = "%%CITATION = ARXIV:1710.11129;%%"
}


@article{Mangano:2005cc,
      author         = "Mangano, Gianpiero and Miele, Gennaro and Pastor, Sergio
                        and Pinto, Teguayco and Pisanti, Ofelia and Serpico,
                        Pasquale D.",
      title          = "{Relic neutrino decoupling including flavor
                        oscillations}",
      journal        = "Nucl. Phys.",
      volume         = "B729",
      year           = "2005",
      pages          = "221-234",
      doi            = "10.1016/j.nuclphysb.2005.09.041",
      eprint         = "hep-ph/0506164",
      archivePrefix  = "arXiv",
      primaryClass   = "hep-ph",
      reportNumber   = "DSF-16-2005, IFIC-05-17, MPP-2005-36",
      SLACcitation   = "%%CITATION = HEP-PH/0506164;%%"
}
@article{deSalas:2016ztq,
      author         = "de Salas, Pablo F. and Pastor, Sergio",
      title          = "{Relic neutrino decoupling with flavour oscillations
                        revisited}",
      journal        = "JCAP",
      volume         = "1607",
      year           = "2016",
      number         = "07",
      pages          = "051",
      doi            = "10.1088/1475-7516/2016/07/051",
      eprint         = "1606.06986",
      archivePrefix  = "arXiv",
      primaryClass   = "hep-ph",
      reportNumber   = "IFIC-16-10, TTK-16-23",
      SLACcitation   = "%%CITATION = ARXIV:1606.06986;%%"
}
@article{Escudero:2019new,
      author         = "Escudero, Miguel",
      title          = "{Neutrino Decoupling Beyond the Standard Model II: Fast and Precise BSM observables in the Early Universe, to appear}"
}
@article{Kolb:1986nf,
      author         = "Kolb, Edward W. and Turner, Michael S. and Walker,
                        Terrence P.",
      title          = "{The Effect of Interacting Particles on Primordial
                        Nucleosynthesis}",
      journal        = "Phys. Rev.",
      volume         = "D34",
      year           = "1986",
      pages          = "2197",
      doi            = "10.1103/PhysRevD.34.2197",
      reportNumber   = "FERMILAB-PUB-86-077-A",
      SLACcitation   = "%%CITATION = PHRVA,D34,2197;%%"
}

@article{Akrami:2018vks,
      author         = "Akrami, Y. and others",
      title          = "{Planck 2018 results. I. Overview and the cosmological
                        legacy of Planck}",
      collaboration  = "Planck",
      year           = "2018",
      eprint         = "1807.06205",
      archivePrefix  = "arXiv",
      primaryClass   = "astro-ph.CO",
      SLACcitation   = "%%CITATION = ARXIV:1807.06205;%%"
}

@article{Arbey:2018zfh,
      author         = "Arbey, A. and Auffinger, J. and Hickerson, K. P. and
                        Jenssen, E. S.",
      title          = "{AlterBBN v2: A public code for calculating Big-Bang
                        nucleosynthesis constraints in alternative cosmologies}",
      year           = "2018",
      eprint         = "1806.11095",
      archivePrefix  = "arXiv",
      primaryClass   = "astro-ph.CO",
      reportNumber   = "CERN-TH-2018-146",
      SLACcitation   = "%%CITATION = ARXIV:1806.11095;%%"
}

@article{Arbey:2011nf,
      author         = "Arbey, Alexandre",
      title          = "{AlterBBN: A program for calculating the BBN abundances
                        of the elements in alternative cosmologies}",
      journal        = "Comput. Phys. Commun.",
      volume         = "183",
      year           = "2012",
      pages          = "1822-1831",
      doi            = "10.1016/j.cpc.2012.03.018",
      eprint         = "1106.1363",
      archivePrefix  = "arXiv",
      primaryClass   = "astro-ph.CO",
      reportNumber   = "CERN-PH-TH-2011-135, LYCEN-2011-06",
      SLACcitation   = "%%CITATION = ARXIV:1106.1363;%%"
}

@article{Pitrou:2018cgg,
      author         = "Pitrou, Cyril and Coc, Alain and Uzan, Jean-Philippe and
                        Vangioni, Elisabeth",
      title          = "{Precision big bang nucleosynthesis with improved
                        Helium-4 predictions}",
      journal        = "Phys. Rept.",
      volume         = "754",
      year           = "2018",
      pages          = "1-66",
      doi            = "10.1016/j.physrep.2018.04.005",
      eprint         = "1801.08023",
      archivePrefix  = "arXiv",
      primaryClass   = "astro-ph.CO",
      SLACcitation   = "%%CITATION = ARXIV:1801.08023;%%"
}

@article{pdg,
      author         = "Tanabashi, M. and others",
      title          = "{Review of Particle Physics}",
      collaboration  = "ParticleDataGroup",
      journal        = "Phys. Rev.",
      volume         = "D98",
      year           = "2018",
      number         = "3",
      pages          = "030001",
      doi            = "10.1103/PhysRevD.98.030001",
      SLACcitation   = "%%CITATION = PHRVA,D98,030001;%%"
}
@article{Escudero:2018mvt,
      author         = "Escudero, Miguel",
      title          = "{Neutrino decoupling beyond the Standard Model: CMB
                        constraints on the Dark Matter mass with a fast and
                        precise $N_{\rm eff}$ evaluation}",
      journal        = "JCAP",
      volume         = "1902",
      year           = "2019",
      pages          = "007",
      doi            = "10.1088/1475-7516/2019/02/007",
      eprint         = "1812.05605",
      archivePrefix  = "arXiv",
      primaryClass   = "hep-ph",
      reportNumber   = "KCL-2018-76",
      SLACcitation   = "%%CITATION = ARXIV:1812.05605;%%"
}




@article{Blas:2011rf,
      author         = "Blas, Diego and Lesgourgues, Julien and Tram, Thomas",
      title          = "{The Cosmic Linear Anisotropy Solving System (CLASS) II:
                        Approximation schemes}",
      journal        = "JCAP",
      volume         = "1107",
      year           = "2011",
      pages          = "034",
      doi            = "10.1088/1475-7516/2011/07/034",
      eprint         = "1104.2933",
      archivePrefix  = "arXiv",
      primaryClass   = "astro-ph.CO",
      reportNumber   = "CERN-PH-TH-2011-082, LAPTH-010-11",
      SLACcitation   = "%%CITATION = ARXIV:1104.2933;%%"
}
@article{Aghanim:2018eyx,
      author         = "Aghanim, N. and others",
      title          = "{Planck 2018 results. VI. Cosmological parameters}",
      collaboration  = "Planck",
      year           = "2018",
      eprint         = "1807.06209",
      archivePrefix  = "arXiv",
      primaryClass   = "astro-ph.CO",
      SLACcitation   = "%%CITATION = ARXIV:1807.06209;%%"
}
@article{Perotto:2006rj,
      author         = "Perotto, Laurence and Lesgourgues, Julien and Hannestad,
                        Steen and Tu, Huitzu and Wong, Yvonne Y. Y.",
      title          = "{Probing cosmological parameters with the CMB: Forecasts
                        from full Monte Carlo simulations}",
      journal        = "JCAP",
      volume         = "0610",
      year           = "2006",
      pages          = "013",
      doi            = "10.1088/1475-7516/2006/10/013",
      eprint         = "astro-ph/0606227",
      archivePrefix  = "arXiv",
      primaryClass   = "astro-ph",
      reportNumber   = "MPP-2006-76, LAPTH-1148-06",
      SLACcitation   = "%%CITATION = ASTRO-PH/0606227;%%"
}

@article{Bania:2002yj,
      author         = "Bania, T. M. and Rood, Robert T. and Balser, Dana S.",
      title          = "{The cosmological density of baryons from observations of
                        3He+ in the Milky Way}",
      journal        = "Nature",
      volume         = "415",
      year           = "2002",
      pages          = "54-57",
      doi            = "10.1038/415054a",
      SLACcitation   = "%%CITATION = NATUA,415,54;%%"
}

@article{VangioniFlam:2002sa,
      author         = "Vangioni-Flam, Elisabeth and Olive, Keith A. and Fields,
                        Brian D. and Casse, Michel",
      title          = "{On the baryometric status of He-3}",
      journal        = "Astrophys. J.",
      volume         = "585",
      year           = "2003",
      pages          = "611-616",
      doi            = "10.1086/346232",
      eprint         = "astro-ph/0207583",
      archivePrefix  = "arXiv",
      primaryClass   = "astro-ph",
      reportNumber   = "UMN-TH-2106-02, TPI-MINN-02-21",
      SLACcitation   = "%%CITATION = ASTRO-PH/0207583;%%"
}


@article{Bringmann:2018cvk,
      author         = "Bringmann, Torsten and Pospelov, Maxim",
      title          = "{Novel direct detection constraints on light dark
                        matter}",
      journal        = "Phys. Rev. Lett.",
      volume         = "122",
      year           = "2019",
      number         = "17",
      pages          = "171801",
      doi            = "10.1103/PhysRevLett.122.171801",
      eprint         = "1810.10543",
      archivePrefix  = "arXiv",
      primaryClass   = "hep-ph",
      SLACcitation   = "%%CITATION = ARXIV:1810.10543;%%"
}

@article{Ema:2018bih,
      author         = "Ema, Yohei and Sala, Filippo and Sato, Ryosuke",
      title          = "{Light Dark Matter at Neutrino Experiments}",
      year           = "2018",
      eprint         = "1811.00520",
      archivePrefix  = "arXiv",
      primaryClass   = "hep-ph",
      reportNumber   = "DESY-18-194",
      SLACcitation   = "%%CITATION = ARXIV:1811.00520;%%"
}

@book{Jursa:1985,
  author    = {Adolph S. Jursa}, 
  title     = {Handbook of geophysics and the space environment},
  publisher = {Hanscom Air Force Base, Mass. : Air Force Geophysics Laboratory, Air Force Systems Command, United States Air Force},
  year      = 1985,
  edition   = 4,
  isbn      = {3257227892}
}

@article{Goodman:1984dc,
      author         = "Goodman, Mark W. and Witten, Edward",
      title          = "{Detectability of Certain Dark Matter Candidates}",
      journal        = "Phys. Rev.",
      volume         = "D31",
      year           = "1985",
      pages          = "3059",
      doi            = "10.1103/PhysRevD.31.3059",
      note           = "[,325(1984)]",
      reportNumber   = "Print-85-0030 (PRINCETON)",
      SLACcitation   = "%%CITATION = PHRVA,D31,3059;%%"
}

@inproceedings{Battaglieri:2017aum,
      author         = "Battaglieri, Marco and others",
      title          = "{US Cosmic Visions: New Ideas in Dark Matter 2017:
                        Community Report}",
      booktitle      = "{U.S. Cosmic Visions: New Ideas in Dark Matter}",
      url            = "http://lss.fnal.gov/archive/2017/conf/fermilab-conf-17-282-ae-ppd-t.pdf",
      year           = "2017",
      eprint         = "1707.04591",
      archivePrefix  = "arXiv",
      primaryClass   = "hep-ph",
      reportNumber   = "FERMILAB-CONF-17-282-AE-PPD-T",
      SLACcitation   = "%%CITATION = ARXIV:1707.04591;%%"
}

@article{Kouvaris:2016afs,
      author         = "Kouvaris, Chris and Pradler, Josef",
      title          = "{Probing sub-GeV Dark Matter with conventional
                        detectors}",
      journal        = "Phys. Rev. Lett.",
      volume         = "118",
      year           = "2017",
      number         = "3",
      pages          = "031803",
      doi            = "10.1103/PhysRevLett.118.031803",
      eprint         = "1607.01789",
      archivePrefix  = "arXiv",
      primaryClass   = "hep-ph",
      SLACcitation   = "%%CITATION = ARXIV:1607.01789;%%"
}

@article{Ibe:2017yqa,
      author         = "Ibe, Masahiro and Nakano, Wakutaka and Shoji, Yutaro and
                        Suzuki, Kazumine",
      title          = "{Migdal Effect in Dark Matter Direct Detection
                        Experiments}",
      journal        = "JHEP",
      volume         = "03",
      year           = "2018",
      pages          = "194",
      doi            = "10.1007/JHEP03(2018)194",
      eprint         = "1707.07258",
      archivePrefix  = "arXiv",
      primaryClass   = "hep-ph",
      reportNumber   = "IPMU17-0100",
      SLACcitation   = "%%CITATION = ARXIV:1707.07258;%%"
}

@article{Dolan:2017xbu,
      author         = "Dolan, Matthew J. and Kahlhoefer, Felix and McCabe,
                        Christopher",
      title          = "{Directly detecting sub-GeV dark matter with electrons
                        from nuclear scattering}",
      journal        = "Phys. Rev. Lett.",
      volume         = "121",
      year           = "2018",
      number         = "10",
      pages          = "101801",
      doi            = "10.1103/PhysRevLett.121.101801",
      eprint         = "1711.09906",
      archivePrefix  = "arXiv",
      primaryClass   = "hep-ph",
      reportNumber   = "KCL-PH-TH/2017-54, TTK-17-43, KCL-PH-TH-2017-54",
      SLACcitation   = "%%CITATION = ARXIV:1711.09906;%%"
}

@article{Kouvaris:2015nsa,
      author         = "Kouvaris, Chris",
      title          = "{Probing Light Dark Matter via Evaporation from the Sun}",
      journal        = "Phys. Rev.",
      volume         = "D92",
      year           = "2015",
      number         = "7",
      pages          = "075001",
      doi            = "10.1103/PhysRevD.92.075001",
      eprint         = "1506.04316",
      archivePrefix  = "arXiv",
      primaryClass   = "hep-ph",
      SLACcitation   = "%%CITATION = ARXIV:1506.04316;%%"
}

@article{An:2017ojc,
      author         = "An, Haipeng and Pospelov, Maxim and Pradler, Josef and
                        Ritz, Adam",
      title          = "{Directly Detecting MeV-scale Dark Matter via Solar
                        Reflection}",
      journal        = "Phys. Rev. Lett.",
      volume         = "120",
      year           = "2018",
      number         = "14",
      pages          = "141801",
      doi            = "10.1103/PhysRevLett.120.141801,
                        10.1103/PhysRevLett.121.259903",
      note           = "[Erratum: Phys. Rev. Lett.121,no.25,259903(2018)]",
      eprint         = "1708.03642",
      archivePrefix  = "arXiv",
      primaryClass   = "hep-ph",
      SLACcitation   = "%%CITATION = ARXIV:1708.03642;%%"
}


@article{Emken:2017hnp,
      author         = "Emken, Timon and Kouvaris, Chris and Nielsen, Niklas
                        Grønlund",
      title          = "{The Sun as a sub-GeV Dark Matter Accelerator}",
      journal        = "Phys. Rev.",
      volume         = "D97",
      year           = "2018",
      number         = "6",
      pages          = "063007",
      doi            = "10.1103/PhysRevD.97.063007",
      eprint         = "1709.06573",
      archivePrefix  = "arXiv",
      primaryClass   = "hep-ph",
      reportNumber   = "CP3-ORIGINS-2017-035",
      SLACcitation   = "%%CITATION = ARXIV:1709.06573;%%"
}

@article{Aprile:2018dbl,
      author         = "Aprile, E. and others",
      title          = "{Dark Matter Search Results from a One Ton-Year Exposure
                        of XENON1T}",
      collaboration  = "XENON",
      journal        = "Phys. Rev. Lett.",
      volume         = "121",
      year           = "2018",
      number         = "11",
      pages          = "111302",
      doi            = "10.1103/PhysRevLett.121.111302",
      eprint         = "1805.12562",
      archivePrefix  = "arXiv",
      primaryClass   = "astro-ph.CO",
      SLACcitation   = "%%CITATION = ARXIV:1805.12562;%%"
}

@article{Akerib:2018lyp,
      author         = "Akerib, D. S. and others",
      title          = "{Projected WIMP Sensitivity of the LUX-ZEPLIN (LZ) Dark
                        Matter Experiment}",
      collaboration  = "LUX-ZEPLIN",
      year           = "2018",
      eprint         = "1802.06039",
      archivePrefix  = "arXiv",
      primaryClass   = "astro-ph.IM",
      reportNumber   = "FERMILAB-PUB-18-054-AE-PPD",
      SLACcitation   = "%%CITATION = ARXIV:1802.06039;%%"
}

@article{Aguilar-Arevalo:2018wea,
      author         = "Aguilar-Arevalo, A. A. and others",
      title          = "{Dark Matter Search in Nucleon, Pion, and Electron
                        Channels from a Proton Beam Dump with MiniBooNE}",
      collaboration  = "MiniBooNE DM",
      journal        = "Phys. Rev.",
      volume         = "D98",
      year           = "2018",
      number         = "11",
      pages          = "112004",
      doi            = "10.1103/PhysRevD.98.112004",
      eprint         = "1807.06137",
      archivePrefix  = "arXiv",
      primaryClass   = "hep-ex",
      reportNumber   = "LA-UR-18-26421, FERMILAB-PUB-18-334-ND",
      SLACcitation   = "%%CITATION = ARXIV:1807.06137;%%"
}

@article{Batell:2018fqo,
      author         = "Batell, Brian and Freitas, Ayres and Ismail, Ahmed and
                        Mckeen, David",
      title          = "{Probing Light Dark Matter with a Hadrophilic Scalar
                        Mediator}",
      year           = "2018",
      eprint         = "1812.05103",
      archivePrefix  = "arXiv",
      primaryClass   = "hep-ph",
      reportNumber   = "PITT-PACC-1817",
      SLACcitation   = "%%CITATION = ARXIV:1812.05103;%%"
}

@article{Boschini:2017fxq,
      author         = "Boschini, M. J. and others",
      title          = "{Solution of heliospheric propagation: unveiling the
                        local interstellar spectra of cosmic ray species}",
      journal        = "Astrophys. J.",
      volume         = "840",
      year           = "2017",
      number         = "2",
      pages          = "115",
      doi            = "10.3847/1538-4357/aa6e4f",
      eprint         = "1704.06337",
      archivePrefix  = "arXiv",
      primaryClass   = "astro-ph.HE",
      SLACcitation   = "%%CITATION = ARXIV:1704.06337;%%"
}

@inproceedings{Consolandi:2014uia,
      author         = "Consolandi, C.",
      title          = "{Primary Cosmic Ray Proton Flux Measured by AMS-02}",
      booktitle      = "{Proceedings, 33rd International Cosmic Ray Conference
                        (ICRC2013): Rio de Janeiro, Brazil, July 2-9, 2013}",
      collaboration  = "AMS 02",
      url            = "http://www.slac.stanford.edu/econf/C131112/papers/1402.0467.pdf",
      year           = "2014",
      pages          = "1265",
      note           = "[,1265(2014)]",
      eprint         = "1402.0467",
      archivePrefix  = "arXiv",
      primaryClass   = "astro-ph.HE",
      SLACcitation   = "%%CITATION = ARXIV:1402.0467;%%"
}

@article{Pierog:2013ria,
      author         = "Pierog, T. and Karpenko, Iu. and Katzy, J. M. and
                        Yatsenko, E. and Werner, K.",
      title          = "{EPOS LHC: Test of collective hadronization with data
                        measured at the CERN Large Hadron Collider}",
      journal        = "Phys. Rev.",
      volume         = "C92",
      year           = "2015",
      number         = "3",
      pages          = "034906",
      doi            = "10.1103/PhysRevC.92.034906",
      eprint         = "1306.0121",
      archivePrefix  = "arXiv",
      primaryClass   = "hep-ph",
      reportNumber   = "DESY-13-125",
      SLACcitation   = "%%CITATION = ARXIV:1306.0121;%%"
}

@book{CRMC,
    author  = {Baus, C. and Pierog, T. and Ulrich, R.}, 
    title   = {Cosmic Ray Monte Carlo (CRMC)},
    url     = "https://web.ikp.kit.edu/rulrich/crmc.html"
}

@article{Kavanagh:2016pyr,
      author         = "Kavanagh, Bradley J. and Catena, Riccardo and Kouvaris,
                        Chris",
      title          = "{Signatures of Earth-scattering in the direct detection
                        of Dark Matter}",
      journal        = "JCAP",
      volume         = "1701",
      year           = "2017",
      number         = "01",
      pages          = "012",
      doi            = "10.1088/1475-7516/2017/01/012",
      eprint         = "1611.05453",
      archivePrefix  = "arXiv",
      primaryClass   = "hep-ph",
      reportNumber   = "CP3-ORIGINS-2016-050",
      SLACcitation   = "%%CITATION = ARXIV:1611.05453;%%"
}

@article{Angloher:2017sxg,
      author         = "Angloher, G. and others",
      title          = "{Results on MeV-scale dark matter from a gram-scale
                        cryogenic calorimeter operated above ground}",
      collaboration  = "CRESST",
      journal        = "Eur. Phys. J.",
      volume         = "C77",
      year           = "2017",
      number         = "9",
      pages          = "637",
      doi            = "10.1140/epjc/s10052-017-5223-9",
      eprint         = "1707.06749",
      archivePrefix  = "arXiv",
      primaryClass   = "astro-ph.CO",
      SLACcitation   = "%%CITATION = ARXIV:1707.06749;%%"
}

@article{Xu:2018efh,
      author         = "Xu, Weishuang Linda and Dvorkin, Cora and Chael, Andrew",
      title          = "{Probing sub-GeV Dark Matter-Baryon Scattering with
                        Cosmological Observables}",
      journal        = "Phys. Rev.",
      volume         = "D97",
      year           = "2018",
      number         = "10",
      pages          = "103530",
      doi            = "10.1103/PhysRevD.97.103530",
      eprint         = "1802.06788",
      archivePrefix  = "arXiv",
      primaryClass   = "astro-ph.CO",
      SLACcitation   = "%%CITATION = ARXIV:1802.06788;%%"
}

@article{Bhoonah:2018wmw,
      author         = "Bhoonah, Amit and Bramante, Joseph and Elahi, Fatemeh and
                        Schon, Sarah",
      title          = "{Calorimetric Dark Matter Detection With Galactic Center
                        Gas Clouds}",
      journal        = "Phys. Rev. Lett.",
      volume         = "121",
      year           = "2018",
      number         = "13",
      pages          = "131101",
      doi            = "10.1103/PhysRevLett.121.131101",
      eprint         = "1806.06857",
      archivePrefix  = "arXiv",
      primaryClass   = "hep-ph",
      SLACcitation   = "%%CITATION = ARXIV:1806.06857;%%"
}

@article{Nadler:2019zrb,
      author         = "Nadler, Ethan O. and Gluscevic, Vera and Boddy, Kimberly
                        K. and Wechsler, Risa H.",
      title          = "{Constraints on Dark Matter Microphysics from the Milky
                        Way Satellite Population}",
      year           = "2019",
      eprint         = "1904.10000",
      archivePrefix  = "arXiv",
      primaryClass   = "astro-ph.CO",
      SLACcitation   = "%%CITATION = ARXIV:1904.10000;%%"
}

@article{Tanabashi:2018oca,
      author         = "Tanabashi, M. and others",
      title          = "{Review of Particle Physics}",
      collaboration  = "Particle Data Group",
      journal        = "Phys. Rev.",
      volume         = "D98",
      year           = "2018",
      number         = "3",
      pages          = "030001",
      doi            = "10.1103/PhysRevD.98.030001",
      SLACcitation   = "%%CITATION = PHRVA,D98,030001;%%"
}

@article{Duda:2006uk,
      author         = "Duda, Gintaras and Kemper, Ann and Gondolo, Paolo",
      title          = "{Model Independent Form Factors for Spin Independent
                        Neutralino-Nucleon Scattering from Elastic Electron
                        Scattering Data}",
      journal        = "JCAP",
      volume         = "0704",
      year           = "2007",
      pages          = "012",
      doi            = "10.1088/1475-7516/2007/04/012",
      eprint         = "hep-ph/0608035",
      archivePrefix  = "arXiv",
      primaryClass   = "hep-ph",
      SLACcitation   = "%%CITATION = HEP-PH/0608035;%%"
}

@article{Haino:2004nq,
      author         = "Haino, Sadakazu and others",
      title          = "{Measurements of primary and atmospheric cosmic - ray
                        spectra with the BESS-TeV spectrometer}",
      journal        = "Phys. Lett.",
      volume         = "B594",
      year           = "2004",
      pages          = "35-46",
      doi            = "10.1016/j.physletb.2004.05.019",
      eprint         = "astro-ph/0403704",
      archivePrefix  = "arXiv",
      primaryClass   = "astro-ph",
      SLACcitation   = "%%CITATION = ASTRO-PH/0403704;%%"
}


@article{Fukuda:1998mi,
      author         = "Fukuda, Y. and others",
      title          = "{Evidence for oscillation of atmospheric neutrinos}",
      collaboration  = "Super-Kamiokande",
      journal        = "Phys. Rev. Lett.",
      volume         = "81",
      year           = "1998",
      pages          = "1562-1567",
      doi            = "10.1103/PhysRevLett.81.1562",
      eprint         = "hep-ex/9807003",
      archivePrefix  = "arXiv",
      primaryClass   = "hep-ex",
      reportNumber   = "BU-98-17, ICRR-REPORT-422-98-18, UCI-98-8,
                        KEK-PREPRINT-98-95, LSU-HEPA-5-98, UMD-98-003, SBHEP-98-5,
                        TKU-PAP-98-06, TIT-HPE-98-09",
      SLACcitation   = "%%CITATION = HEP-EX/9807003;%%"
}
@book{Thomson:2013zua,
      author         = "Thomson, Mark",
      title          = "{Modern particle physics}",
      publisher      = "Cambridge University Press",
      address        = "New York",
      year           = "2013",
      url            = "http://www-spires.fnal.gov/spires/find/books/www?cl=QC793.2.T46::2013",
      ISBN           = "9781107034266",
      SLACcitation   = "%%CITATION = INSPIRE-1326857;%%"
}

@article{Yao2018,
      author         = "Yao, Chang-Yuan and Ding, Gui-Jun",
      title          = "{Systematic analysis of Dirac neutrino masses from a dimension five operator}",
      journal        = "Phys. Rev.",
      volume         = "D97",
      year           = "2018",
      number         = "9",
      pages          = "095042",
      doi            = "10.1103/PhysRevD.97.095042",
      eprint         = "1802.05231",
      archivePrefix  = "arXiv",
      primaryClass   = "hep-ph",
      reportNumber   = "USTC-ICTS-18-05",
      SLACcitation   = "%%CITATION = ARXIV:1802.05231;%%"
}
@article{Kelly,
      author         = "Kelly, Kevin J. and Machado, Pedro A. N.",
      title          = "{Multimessenger Astronomy and New Neutrino Physics}",
      journal        = "JCAP",
      volume         = "1810",
      year           = "2018",
      number         = "10",
      pages          = "048",
      doi            = "10.1088/1475-7516/2018/10/048",
      eprint         = "1808.02889",
      archivePrefix  = "arXiv",
      primaryClass   = "hep-ph",
      reportNumber   = "FERMILAB-PUB-18-374-T, NUHEP-TH/18-07",
      SLACcitation   = "%%CITATION = ARXIV:1808.02889;%%"
}
@article{Boehm,
      author         = "Boehm, Céline and Dolan, Matthew J. and McCabe,
                        Christopher",
      title          = "{A Lower Bound on the Mass of Cold Thermal Dark Matter
                        from Planck}",
      journal        = "JCAP",
      volume         = "1308",
      year           = "2013",
      pages          = "041",
      doi            = "10.1088/1475-7516/2013/08/041",
      eprint         = "1303.6270",
      archivePrefix  = "arXiv",
      primaryClass   = "hep-ph",
      reportNumber   = "IPPP-13-18, DCPT-13-36",
      SLACcitation   = "%%CITATION = ARXIV:1303.6270;%%"
}
@article{Bertuzzo,
      author         = "Bertuzzo, Enrico and Jana, Sudip and Machado, Pedro A. N.
                        and Zukanovich Funchal, Renata",
      title          = "{Neutrino Masses and Mixings Dynamically Generated by a
                        Light Dark Sector}",
      journal        = "Phys. Lett.",
      volume         = "B791",
      year           = "2019",
      pages          = "210-214",
      doi            = "10.1016/j.physletb.2019.02.023",
      eprint         = "1808.02500",
      archivePrefix  = "arXiv",
      primaryClass   = "hep-ph",
      reportNumber   = "FERMILAB-PUB-18-381-T, OSU-HEP-18-05",
      SLACcitation   = "%%CITATION = ARXIV:1808.02500;%%"
}
@inproceedings{Carr,
      author         = "Carr, Bernard",
      title          = "{Primordial black holes as dark matter and generators of
                        cosmic structure}",
      booktitle      = "{Symposium on Illuminating Dark Matter Kruen, Germany,
                        May 13-19, 2018}",
      year           = "2019",
      eprint         = "1901.07803",
      archivePrefix  = "arXiv",
      primaryClass   = "astro-ph.CO",
      SLACcitation   = "%%CITATION = ARXIV:1901.07803;%%"
}
@article{Bellini2018,
      author         = "Bellini, G. and Ludhova, L. and Ranucci, G. and Villante,
                        F. L.",
      title          = "{Neutrino oscillations}",
      journal        = "Adv. High Energy Phys.",
      volume         = "2014",
      year           = "2014",
      pages          = "191960",
      doi            = "10.1155/2014/191960",
      eprint         = "1310.7858",
      archivePrefix  = "arXiv",
      primaryClass   = "hep-ph",
      SLACcitation   = "%%CITATION = ARXIV:1310.7858;%%"
}
@article{Franarin2018,
      author         = "Franarin, Tarso and Fairbairn, Malcolm and Davis,
                        Jonathan H.",
      title          = "{JUNO Sensitivity to Resonant Absorption of Galactic
                        Supernova Neutrinos by Dark Matter}",
      year           = "2018",
      eprint         = "1806.05015",
      archivePrefix  = "arXiv",
      primaryClass   = "hep-ph",
      reportNumber   = "KCL-PH-TH/2018-25, KCL-PH-TH-2018-25",
      SLACcitation   = "%%CITATION = ARXIV:1806.05015;%%"
}
@article{Artamonov2016,
      author         = "Artamonov, A. V. and others",
      title          = "{Search for the rare decay $K^+\to\mu^+\nu\bar\nu\nu$}",
      collaboration  = "E949",
      journal        = "Phys. Rev.",
      volume         = "D94",
      year           = "2016",
      number         = "3",
      pages          = "032012",
      doi            = "10.1103/PhysRevD.94.032012",
      eprint         = "1606.09054",
      archivePrefix  = "arXiv",
      primaryClass   = "hep-ex",
      reportNumber   = "FERMILAB-PUB-16-364-CD",
      SLACcitation   = "%%CITATION = ARXIV:1606.09054;%%"
}
@article{Farzan2014,
      author         = "Farzan, Yasaman and Palomares-Ruiz, Sergio",
      title          = "{Dips in the Diffuse Supernova Neutrino Background}",
      journal        = "JCAP",
      volume         = "1406",
      year           = "2014",
      pages          = "014",
      doi            = "10.1088/1475-7516/2014/06/014",
      eprint         = "1401.7019",
      archivePrefix  = "arXiv",
      primaryClass   = "hep-ph",
      reportNumber   = "IFIC-14-02",
      SLACcitation   = "%%CITATION = ARXIV:1401.7019;%%"
}
@article{Bonnet2012,
      author         = "Bonnet, Florian and Hirsch, Martin and Ota, Toshihiko and
                        Winter, Walter",
      title          = "{Systematic study of the d=5 Weinberg operator at
                        one-loop order}",
      journal        = "JHEP",
      volume         = "07",
      year           = "2012",
      pages          = "153",
      doi            = "10.1007/JHEP07(2012)153",
      eprint         = "1204.5862",
      archivePrefix  = "arXiv",
      primaryClass   = "hep-ph",
      reportNumber   = "IFIC-12-26, MPP-2012-76",
      SLACcitation   = "%%CITATION = ARXIV:1204.5862;%%"
}
@article{Farzan2011,
      author         = "Farzan, Yasaman",
      title          = "{Strategies to link tiny neutrino masses with huge
                        missing mass of the Universe}",
      booktitle      = "{International Conference on Flavor Physics in the LHC
                        Era Singapore, Singapore, November 8-12, 2010}",
      journal        = "Int. J. Mod. Phys.",
      volume         = "A26",
      year           = "2011",
      pages          = "2461-2485",
      doi            = "10.1142/S0217751X11053572",
      eprint         = "1106.2948",
      archivePrefix  = "arXiv",
      primaryClass   = "hep-ph",
      SLACcitation   = "%%CITATION = ARXIV:1106.2948;%%"
}
@article{Farzan2010,
      author         = "Farzan, Yasaman",
      title          = "{A Framework to Simultaneously Explain Tiny Neutrino Mass
                        and Huge Missing Mass Problem of the Universe}",
      journal        = "Mod. Phys. Lett.",
      volume         = "A25",
      year           = "2010",
      pages          = "2111-2120",
      doi            = "10.1142/S0217732310034018",
      eprint         = "1009.1234",
      archivePrefix  = "arXiv",
      primaryClass   = "hep-ph",
      SLACcitation   = "%%CITATION = ARXIV:1009.1234;%%"
}
@article{Farzan2010a,
      author         = "Farzan, Yasaman and Pascoli, Silvia and Schmidt, Michael
                        A.",
      title          = "{AMEND: A model explaining neutrino masses and dark
                        matter testable at the LHC and MEG}",
      journal        = "JHEP",
      volume         = "10",
      year           = "2010",
      pages          = "111",
      doi            = "10.1007/JHEP10(2010)111",
      eprint         = "1005.5323",
      archivePrefix  = "arXiv",
      primaryClass   = "hep-ph",
      reportNumber   = "IPPP-10-10, DCPT-10-20",
      SLACcitation   = "%%CITATION = ARXIV:1005.5323;%%"
}
@article{Farzana2010,
      author         = "Farzan, Yasaman and Hashemi, Majid",
      title          = "{SLIM at LHC: LHC search power for a model linking dark
                        matter and neutrino mass}",
      journal        = "JHEP",
      volume         = "11",
      year           = "2010",
      pages          = "029",
      doi            = "10.1007/JHEP11(2010)029",
      eprint         = "1009.0829",
      archivePrefix  = "arXiv",
      primaryClass   = "hep-ph",
      SLACcitation   = "%%CITATION = ARXIV:1009.0829;%%"
}
@article{Ambrosino2009,
      author         = "Ambrosino, F. and others",
      title          = "{Precise measurement of $\Gamma(K \to e \nu(\gamma)) /
                        \Gamma(K \to \mu \nu(\gamma))$ and study of $K \to e \nu
                        \gamma$}",
      collaboration  = "KLOE",
      journal        = "Eur. Phys. J.",
      volume         = "C64",
      year           = "2009",
      pages          = "627-636",
      doi            = "10.1140/epjc/s10052-009-1217-6,
                        10.1140/epjc/s10052-009-1177-x",
      note           = "[Erratum: Eur. Phys. J.65,703(2010)]",
      eprint         = "0907.3594",
      archivePrefix  = "arXiv",
      primaryClass   = "hep-ex",
      SLACcitation   = "%%CITATION = ARXIV:0907.3594;%%"
}
@article{Farzan2009,
      author         = "Farzan, Yasaman",
      title          = "{A Minimal model linking two great mysteries: neutrino
                        mass and dark matter}",
      journal        = "Phys. Rev.",
      volume         = "D80",
      year           = "2009",
      pages          = "073009",
      doi            = "10.1103/PhysRevD.80.073009",
      eprint         = "0908.3729",
      archivePrefix  = "arXiv",
      primaryClass   = "hep-ph",
      SLACcitation   = "%%CITATION = ARXIV:0908.3729;%%"
}
@article{Bednyakov2007,
      author         = "Bednyakov, V. A. and Giokaris, N. D. and Bednyakov, A.
                        V.",
      title          = "{On Higgs mass generation mechanism in the Standard
                        Model}",
      journal        = "Phys. Part. Nucl.",
      volume         = "39",
      year           = "2008",
      pages          = "13-36",
      doi            = "10.1007/s11496-008-1002-9",
      eprint         = "hep-ph/0703280",
      archivePrefix  = "arXiv",
      primaryClass   = "HEP-PH",
      SLACcitation   = "%%CITATION = HEP-PH/0703280;%%"
}
@article{Ma2006,
      author         = "Ma, Ernest",
      title          = "{Common origin of neutrino mass, dark matter, and
                        baryogenesis}",
      journal        = "Mod. Phys. Lett.",
      volume         = "A21",
      year           = "2006",
      pages          = "1777-1782",
      doi            = "10.1142/S0217732306021141",
      eprint         = "hep-ph/0605180",
      archivePrefix  = "arXiv",
      primaryClass   = "hep-ph",
      reportNumber   = "UCRHEP-T410-MAY-2006",
      SLACcitation   = "%%CITATION = HEP-PH/0605180;%%"
}
@article{Ma2006a,
      author         = "Ma, Ernest",
      title          = "{Verifiable radiative seesaw mechanism of neutrino mass
                        and dark matter}",
      journal        = "Phys. Rev.",
      volume         = "D73",
      year           = "2006",
      pages          = "077301",
      doi            = "10.1103/PhysRevD.73.077301",
      eprint         = "hep-ph/0601225",
      archivePrefix  = "arXiv",
      primaryClass   = "hep-ph",
      reportNumber   = "UCRHEP-T403",
      SLACcitation   = "%%CITATION = HEP-PH/0601225;%%"
}
@article{Kubo2006,
      author         = "Kubo, Jisuke and Ma, Ernest and Suematsu, Daijiro",
      title          = "{Cold Dark Matter, Radiative Neutrino Mass, $\mu \to
                        e\gamma$, and Neutrinoless Double Beta Decay}",
      journal        = "Phys. Lett.",
      volume         = "B642",
      year           = "2006",
      pages          = "18-23",
      doi            = "10.1016/j.physletb.2006.08.085",
      eprint         = "hep-ph/0604114",
      archivePrefix  = "arXiv",
      primaryClass   = "hep-ph",
      reportNumber   = "UCRHEP-T409, KANAZAWA-06-01",
      SLACcitation   = "%%CITATION = HEP-PH/0604114;%%"
}
@article{Boehm2006,
      author         = "Boehm, Celine and Farzan, Yasaman and Hambye, Thomas and
                        Palomares-Ruiz, Sergio and Pascoli, Silvia",
      title          = "{Is it possible to explain neutrino masses with scalar
                        dark matter?}",
      journal        = "Phys. Rev.",
      volume         = "D77",
      year           = "2008",
      pages          = "043516",
      doi            = "10.1103/PhysRevD.77.043516",
      eprint         = "hep-ph/0612228",
      archivePrefix  = "arXiv",
      primaryClass   = "hep-ph",
      SLACcitation   = "%%CITATION = HEP-PH/0612228;%%"
}
@article{Serpico2004,
      author         = "Serpico, Pasquale Dario and Raffelt, Georg G.",
      title          = "{MeV-mass dark matter and primordial nucleosynthesis}",
      journal        = "Phys. Rev.",
      volume         = "D70",
      year           = "2004",
      pages          = "043526",
      doi            = "10.1103/PhysRevD.70.043526",
      eprint         = "astro-ph/0403417",
      archivePrefix  = "arXiv",
      primaryClass   = "astro-ph",
      reportNumber   = "MPP-2004-34",
      SLACcitation   = "%%CITATION = ASTRO-PH/0403417;%%"
}
@article{Murase2014,
      author         = "Murase, Kohta and Inoue, Yoshiyuki and Dermer, Charles
                        D.",
      title          = "{Diffuse Neutrino Intensity from the Inner Jets of Active
                        Galactic Nuclei: Impacts of External Photon Fields and the
                        Blazar Sequence}",
      journal        = "Phys. Rev.",
      volume         = "D90",
      year           = "2014",
      number         = "2",
      pages          = "023007",
      doi            = "10.1103/PhysRevD.90.023007",
      eprint         = "1403.4089",
      archivePrefix  = "arXiv",
      primaryClass   = "astro-ph.HE",
      SLACcitation   = "%%CITATION = ARXIV:1403.4089;%%"
}
@article{Boehm2004,
      author         = "Boehm, Celine and Schaeffer, Richard",
      title          = "{Constraints on dark matter interactions from structure
                        formation: Damping lengths}",
      journal        = "Astron. Astrophys.",
      volume         = "438",
      year           = "2005",
      pages          = "419-442",
      doi            = "10.1051/0004-6361:20042238",
      eprint         = "astro-ph/0410591",
      archivePrefix  = "arXiv",
      primaryClass   = "astro-ph",
      SLACcitation   = "%%CITATION = ASTRO-PH/0410591;%%"
}
@article{Boehm2003,
      author         = "Boehm, C. and Ensslin, T. A. and Silk, J.",
      title          = "{Can Annihilating dark matter be lighter than a few
                        GeVs?}",
      journal        = "J. Phys.",
      volume         = "G30",
      year           = "2004",
      pages          = "279-286",
      doi            = "10.1088/0954-3899/30/3/004",
      eprint         = "astro-ph/0208458",
      archivePrefix  = "arXiv",
      primaryClass   = "astro-ph",
      SLACcitation   = "%%CITATION = ASTRO-PH/0208458;%%"
}
@article{Davidson2002,
      author         = "Davidson, Sacha and Ibarra, Alejandro",
      title          = "{A Lower bound on the right-handed neutrino mass from
                        leptogenesis}",
      journal        = "Phys. Lett.",
      volume         = "B535",
      year           = "2002",
      pages          = "25-32",
      doi            = "10.1016/S0370-2693(02)01735-5",
      eprint         = "hep-ph/0202239",
      archivePrefix  = "arXiv",
      primaryClass   = "hep-ph",
      reportNumber   = "OUTP-02-10P, IPPP-02-16, DCPT-02-32",
      SLACcitation   = "%%CITATION = HEP-PH/0202239;%%"
}
@article{Ma2001,
      author         = "Ma, Ernest",
      title          = "{Naturally small seesaw neutrino mass with no new physics
                        beyond the TeV scale}",
      journal        = "Phys. Rev. Lett.",
      volume         = "86",
      year           = "2001",
      pages          = "2502-2504",
      doi            = "10.1103/PhysRevLett.86.2502",
      eprint         = "hep-ph/0011121",
      archivePrefix  = "arXiv",
      primaryClass   = "hep-ph",
      reportNumber   = "UCRHEP-T291",
      SLACcitation   = "%%CITATION = HEP-PH/0011121;%%"
}
@article{Ma1998,
      author         = "Ma, Ernest",
      title          = "{Pathways to naturally small neutrino masses}",
      journal        = "Phys. Rev. Lett.",
      volume         = "81",
      year           = "1998",
      pages          = "1171-1174",
      doi            = "10.1103/PhysRevLett.81.1171",
      eprint         = "hep-ph/9805219",
      archivePrefix  = "arXiv",
      primaryClass   = "hep-ph",
      reportNumber   = "UCRHEP-T-222",
      SLACcitation   = "%%CITATION = HEP-PH/9805219;%%"
}
@article{Ringwald2004,
      author         = "Ringwald, Andreas and Wong, Yvonne Y. Y.",
      title          = "{Gravitational clustering of relic neutrinos and
                        implications for their detection}",
      journal        = "JCAP",
      volume         = "0412",
      year           = "2004",
      pages          = "005",
      doi            = "10.1088/1475-7516/2004/12/005",
      eprint         = "hep-ph/0408241",
      archivePrefix  = "arXiv",
      primaryClass   = "hep-ph",
      reportNumber   = "DESY-04-147",
      SLACcitation   = "%%CITATION = HEP-PH/0408241;%%"
}
@article{Padovani2018,
      author         = "Padovani, P. and Giommi, P. and Resconi, E. and Glauch,
                        T. and Arsioli, B. and Sahakyan, N. and Huber, M.",
      title          = "{Dissecting the region around IceCube-170922A: the blazar
                        TXS 0506+056 as the first cosmic neutrino source}",
      journal        = "Mon. Not. Roy. Astron. Soc.",
      volume         = "480",
      year           = "2018",
      number         = "1",
      pages          = "192-203",
      doi            = "10.1093/mnras/sty1852",
      eprint         = "1807.04461",
      archivePrefix  = "arXiv",
      primaryClass   = "astro-ph.HE",
      SLACcitation   = "%%CITATION = ARXIV:1807.04461;%%"
}
@online{IceCube,
  author = {IceCube},
  title = {IceCube: South Pole Neutrino Observatory},
  year = 2018,
  url = {https://icecube.wisc.edu/science/icecube/detector},
  urldate = {2018-12-11}
}
@article{IceCube2018,
      author         = "Aartsen, M. G. and others",
      title          = "{Neutrino emission from the direction of the blazar TXS
                        0506+056 prior to the IceCube-170922A alert}",
      collaboration  = "IceCube",
      journal        = "Science",
      volume         = "361",
      year           = "2018",
      number         = "6398",
      pages          = "147-151",
      doi            = "10.1126/science.aat2890",
      eprint         = "1807.08794",
      archivePrefix  = "arXiv",
      primaryClass   = "astro-ph.HE",
      SLACcitation   = "%%CITATION = ARXIV:1807.08794;%%"
}
@article{Couchot2017,
      author         = "Couchot, F. and Henrot-Versillé, S. and Perdereau, O.
                        and Plaszczynski, S. and Rouillé d'Orfeuil, B. and
                        Spinelli, M. and Tristram, M.",
      title          = "{Cosmological constraints on the neutrino mass including
                        systematic uncertainties}",
      journal        = "Astron. Astrophys.",
      volume         = "606",
      year           = "2017",
      pages          = "A104",
      doi            = "10.1051/0004-6361/201730927",
      eprint         = "1703.10829",
      archivePrefix  = "arXiv",
      primaryClass   = "astro-ph.CO",
      SLACcitation   = "%%CITATION = ARXIV:1703.10829;%%"
}
@article{King,
      author         = "King, Stephen F.",
      title          = "{Models of Neutrino Mass, Mixing and CP Violation}",
      journal        = "J. Phys.",
      volume         = "G42",
      year           = "2015",
      pages          = "123001",
      doi            = "10.1088/0954-3899/42/12/123001",
      eprint         = "1510.02091",
      archivePrefix  = "arXiv",
      primaryClass   = "hep-ph",
      SLACcitation   = "%%CITATION = ARXIV:1510.02091;%%"
}
@article{Ackermann2018,
      author         = "Aartsen, M. G. and others",
      title          = "{Multimessenger observations of a flaring blazar
                        coincident with high-energy neutrino IceCube-170922A}",
      collaboration  = "IceCube, Fermi-LAT, MAGIC, AGILE, ASAS-SN, HAWC,
                        H.E.S.S., INTEGRAL, Kanata, Kiso, Kapteyn, Liverpool
                        Telescope, Subaru, Swift NuSTAR, VERITAS, VLA/17B-403",
      journal        = "Science",
      volume         = "361",
      year           = "2018",
      number         = "6398",
      pages          = "eaat1378",
      doi            = "10.1126/science.aat1378",
      eprint         = "1807.08816",
      archivePrefix  = "arXiv",
      primaryClass   = "astro-ph.HE",
      SLACcitation   = "%%CITATION = ARXIV:1807.08816;%%"
}
@article{DiFranzo2015,
      author         = "DiFranzo, Anthony and Hooper, Dan",
      title          = "{Searching for MeV-Scale Gauge Bosons with IceCube}",
      journal        = "Phys. Rev.",
      volume         = "D92",
      year           = "2015",
      number         = "9",
      pages          = "095007",
      doi            = "10.1103/PhysRevD.92.095007",
      eprint         = "1507.03015",
      archivePrefix  = "arXiv",
      primaryClass   = "hep-ph",
      reportNumber   = "FERMILAB-PUB-15-292-A, UCI-HEP-TR-2015-11",
      SLACcitation   = "%%CITATION = ARXIV:1507.03015;%%"
}
@book{dermer2009high,
  title={High Energy Radiation from Black Holes: Gamma Rays, Cosmic Rays, and Neutrinos},
  author={Dermer, C.D. and Menon, G.},
  isbn={9780691144085},
  lccn={2009928093},
  series={Princeton Series in Astrophysics},
  year={2009},
  publisher={Princeton University Press}
}
@article{Hooper2018,
      author         = "Hooper, Dan and Linden, Tim and Vieregg, Abby",
      title          = "{Active Galactic Nuclei and the Origin of IceCube's
                        Diffuse Neutrino Flux}",
      journal        = "JCAP",
      volume         = "1902",
      year           = "2019",
      pages          = "012",
      doi            = "10.1088/1475-7516/2019/02/012",
      eprint         = "1810.02823",
      archivePrefix  = "arXiv",
      primaryClass   = "astro-ph.HE",
      reportNumber   = "FERMILAB-PUB-18-528-A",
      SLACcitation   = "%%CITATION = ARXIV:1810.02823;%%"
}
@article{Padovani2019,
      author         = "Padovani, P. and Oikonomou, F. and Petropoulou, M. and
                        Giommi, P. and Resconi, E.",
      title          = "{TXS 0506+056, the first cosmic neutrino source, is not
                        a BL Lac}",
      journal        = "Mon. Not. Roy. Astron. Soc.",
      volume         = "484",
      year           = "2019",
      number         = "1",
      pages          = "L104-L108",
      doi            = "10.1093/mnrasl/slz011",
      eprint         = "1901.06998",
      archivePrefix  = "arXiv",
      primaryClass   = "astro-ph.HE",
      SLACcitation   = "%%CITATION = ARXIV:1901.06998;%%"
}
@article{Keivani2018,
      author         = "Keivani, A. and others",
      title          = "{A Multimessenger Picture of the Flaring Blazar TXS
                        0506+056: implications for High-Energy Neutrino Emission
                        and Cosmic Ray Acceleration}",
      journal        = "Astrophys. J.",
      volume         = "864",
      year           = "2018",
      number         = "1",
      pages          = "84",
      doi            = "10.3847/1538-4357/aad59a",
      eprint         = "1807.04537",
      archivePrefix  = "arXiv",
      primaryClass   = "astro-ph.HE",
      SLACcitation   = "%%CITATION = ARXIV:1807.04537;%%"
}
@online{HAWC,
  author = {Ignacio Taboada},
  title = {HAWC gamma ray data prior to IceCube-170922A},
  year = 2018,
  url = {http://www.astronomerstelegram.org/?read=10802},
  urldate = {2019-01-09}
}
@article{BoehmPascoli,
      author         = "Olivares-Del Campo, Andrés and Bœhm, Céline and
                        Palomares-Ruiz, Sergio and Pascoli, Silvia",
      title          = "{Dark matter-neutrino interactions through the lens of
                        their cosmological implications}",
      journal        = "Phys. Rev.",
      volume         = "D97",
      year           = "2018",
      number         = "7",
      pages          = "075039",
      doi            = "10.1103/PhysRevD.97.075039",
      eprint         = "1711.05283",
      archivePrefix  = "arXiv",
      primaryClass   = "hep-ph",
      reportNumber   = "IFIC-17-54, IPPP-17-84",
      SLACcitation   = "%%CITATION = ARXIV:1711.05283;%%"
}
@article{Pandey2019,
      author         = "Pandey, Sujata and Karmakar, Siddhartha and Rakshit,
                        Subhendu",
      title          = "{Interactions of Astrophysical Neutrinos with Dark
                        Matter: A model building perspective}",
      journal        = "JHEP",
      volume         = "01",
      year           = "2019",
      pages          = "095",
      doi            = "10.1007/JHEP01(2019)095",
      eprint         = "1810.04203",
      archivePrefix  = "arXiv",
      primaryClass   = "hep-ph",
      SLACcitation   = "%%CITATION = ARXIV:1810.04203;%%"
}
@article{Karmakar2018,
      author         = "Karmakar, Siddhartha and Pandey, Sujata and Rakshit,
                        Subhendu",
      title          = "{Are We Looking at Neutrino Absorption Spectra at
                        IceCube?}",
      year           = "2018",
      eprint         = "1810.04192",
      archivePrefix  = "arXiv",
      primaryClass   = "hep-ph",
      SLACcitation   = "%%CITATION = ARXIV:1810.04192;%%"
}
@article{Escudero2019,
      author         = "Escudero, Miguel",
      title          = "{Neutrino decoupling beyond the Standard Model: CMB
                        constraints on the Dark Matter mass with a fast and
                        precise $N_{\rm eff}$ evaluation}",
      journal        = "JCAP",
      volume         = "1902",
      year           = "2019",
      pages          = "007",
      doi            = "10.1088/1475-7516/2019/02/007",
      eprint         = "1812.05605",
      archivePrefix  = "arXiv",
      primaryClass   = "hep-ph",
      reportNumber   = "KCL-2018-76",
      SLACcitation   = "%%CITATION = ARXIV:1812.05605;%%"
}
@article{Nollett2015,
      author         = "Nollett, Kenneth M. and Steigman, Gary",
      title          = "{BBN And The CMB Constrain Neutrino Coupled Light WIMPs}",
      journal        = "Phys. Rev.",
      volume         = "D91",
      year           = "2015",
      number         = "8",
      pages          = "083505",
      doi            = "10.1103/PhysRevD.91.083505",
      eprint         = "1411.6005",
      archivePrefix  = "arXiv",
      primaryClass   = "astro-ph.CO",
      SLACcitation   = "%%CITATION = ARXIV:1411.6005;%%"
}
@article{Kreisch,
      author         = "Kreisch, Christina D. and Cyr-Racine, Francis-Yan and
                        Doré, Olivier",
      title          = "{The Neutrino Puzzle: Anomalies, Interactions, and
                        Cosmological Tensions}",
      year           = "2019",
      eprint         = "1902.00534",
      archivePrefix  = "arXiv",
      primaryClass   = "astro-ph.CO",
      SLACcitation   = "%%CITATION = ARXIV:1902.00534;%%"
}
@article{Wilkinson,
      author         = "Wilkinson, Ryan J. and Vincent, Aaron C. and Bœhm,
                        Céline and McCabe, Christopher",
      title          = "{Ruling out the light weakly interacting massive particle
                        explanation of the Galactic 511 keV line}",
      journal        = "Phys. Rev.",
      volume         = "D94",
      year           = "2016",
      number         = "10",
      pages          = "103525",
      doi            = "10.1103/PhysRevD.94.103525",
      eprint         = "1602.01114",
      archivePrefix  = "arXiv",
      primaryClass   = "astro-ph.CO",
      reportNumber   = "IPPP-16-09",
      SLACcitation   = "%%CITATION = ARXIV:1602.01114;%%"
}
@article{Depta2019,
      author         = "Depta, Paul Frederik and Hufnagel, Marco and
                        Schmidt-Hoberg, Kai and Wild, Sebastian",
      title          = "{BBN constraints on the annihilation of MeV-scale dark
                        matter}",
      journal        = "JCAP",
      volume         = "1904",
      year           = "2019",
      pages          = "029",
      doi            = "10.1088/1475-7516/2019/04/029",
      eprint         = "1901.06944",
      archivePrefix  = "arXiv",
      primaryClass   = "hep-ph",
      reportNumber   = "DESY-19-006, DESY 19-006",
      SLACcitation   = "%%CITATION = ARXIV:1901.06944;%%"
}
@article{Ioka2014,
      author         = "Ioka, Kunihto and Murase, Kohta",
      title          = "{IceCube PeV–EeV neutrinos and secret interactions of
                        neutrinos}",
      journal        = "PTEP",
      volume         = "2014",
      year           = "2014",
      number         = "6",
      pages          = "061E01",
      doi            = "10.1093/ptep/ptu090",
      eprint         = "1404.2279",
      archivePrefix  = "arXiv",
      primaryClass   = "astro-ph.HE",
      reportNumber   = "KEK-TH-1723, KEK-COSMO-141",
      SLACcitation   = "%%CITATION = ARXIV:1404.2279;%%"
}
@article{Gao2018nat,
      author         = "Gao, Shan and Fedynitch, Anatoli and Winter, Walter and
                        Pohl, Martin",
      title          = "{Modelling the coincident observation of a high-energy
                        neutrino and a bright blazar flare}",
      journal        = "Nat. Astron.",
      volume         = "3",
      year           = "2019",
      number         = "1",
      pages          = "88-92",
      doi            = "10.1038/s41550-018-0610-1",
      eprint         = "1807.04275",
      archivePrefix  = "arXiv",
      primaryClass   = "astro-ph.HE",
      SLACcitation   = "%%CITATION = ARXIV:1807.04275;%%"
}
@article{Rodrigues2018,
      author         = "Rodrigues, Xavier and Gao, Shan and Fedynitch, Anatoli
                        and Palladino, Andrea and Winter, Walter",
      title          = "{Leptohadronic Blazar Models Applied to the 2014–2015
                        Flare of TXS 0506+056}",
      journal        = "Astrophys. J.",
      volume         = "874",
      year           = "2019",
      number         = "2",
      pages          = "L29",
      doi            = "10.3847/2041-8213/ab1267",
      eprint         = "1812.05939",
      archivePrefix  = "arXiv",
      primaryClass   = "astro-ph.HE",
      SLACcitation   = "%%CITATION = ARXIV:1812.05939;%%"
}
@article{Planck,
      author         = "Aghanim, N. and others",
      title          = "{Planck 2018 results. VI. Cosmological parameters}",
      collaboration  = "Planck",
      year           = "2018",
      eprint         = "1807.06209",
      archivePrefix  = "arXiv",
      primaryClass   = "astro-ph.CO",
      SLACcitation   = "%%CITATION = ARXIV:1807.06209;%%"
}
@article{Steigman2012,
      author         = "Steigman, Gary and Dasgupta, Basudeb and Beacom, John F.",
      title          = "{Precise Relic WIMP Abundance and its Impact on Searches
                        for Dark Matter Annihilation}",
      journal        = "Phys. Rev.",
      volume         = "D86",
      year           = "2012",
      pages          = "023506",
      doi            = "10.1103/PhysRevD.86.023506",
      eprint         = "1204.3622",
      archivePrefix  = "arXiv",
      primaryClass   = "hep-ph",
      SLACcitation   = "%%CITATION = ARXIV:1204.3622;%%"
}
@article{Mucke:1998mk,
      author         = "Mucke, A. and Rachen, J. P. and Engel, Ralph and
                        Protheroe, R. J. and Stanev, Todor",
      title          = "{On photohadronic processes in astrophysical
                        environments}",
      journal        = "Publ. Astron. Soc. Austral.",
      volume         = "16",
      year           = "1999",
      pages          = "160",
      doi            = "10.1071/AS99160",
      eprint         = "astro-ph/9808279",
      archivePrefix  = "arXiv",
      primaryClass   = "astro-ph",
      reportNumber   = "ADP-AT-98-3, BA-98-39",
      SLACcitation   = "%%CITATION = ASTRO-PH/9808279;%%"
}
@article{Szabo:1994qx,
      author         = "Szabo, A. P. and Protheroe, R. J.",
      title          = "{Implications of particle acceleration in active galactic
                        nuclei for cosmic rays and high-energy neutrino
                        astronomy}",
      journal        = "Astropart. Phys.",
      volume         = "2",
      year           = "1994",
      pages          = "375-392",
      doi            = "10.1016/0927-6505(94)90027-2",
      eprint         = "astro-ph/9405020",
      archivePrefix  = "arXiv",
      primaryClass   = "astro-ph",
      reportNumber   = "ADP-AT-94-4",
      SLACcitation   = "%%CITATION = ASTRO-PH/9405020;%%"
}
@article{Ahnen:2018mvi,
      author         = "Ansoldi, S. and others",
      title          = "{The blazar TXS 0506+056 associated with a high-energy
                        neutrino: insights into extragalactic jets and cosmic ray
                        acceleration}",
      collaboration  = "MAGIC",
      journal        = "Astrophys. J. Lett.",
      year           = "2018",
      doi            = "10.3847/2041-8213/aad083",
      note           = "[Astrophys. J.863,L10(2018)]",
      eprint         = "1807.04300",
      archivePrefix  = "arXiv",
      primaryClass   = "astro-ph.HE",
      SLACcitation   = "%%CITATION = ARXIV:1807.04300;%%"
}
@article{DeLavallaz:2011ju,
      author         = "De Lavallaz, Arnaud and Fairbairn, Malcolm",
      title          = "{Voids as Alternatives to Dark Energy and the Propagation
                        of Gamma Rays through the Universe}",
      journal        = "Phys. Rev. Lett.",
      volume         = "108",
      year           = "2012",
      pages          = "171301",
      doi            = "10.1103/PhysRevLett.108.171301",
      eprint         = "1111.4577",
      archivePrefix  = "arXiv",
      primaryClass   = "astro-ph.CO",
      SLACcitation   = "%%CITATION = ARXIV:1111.4577;%%"
}
@article{Finke:2009xi,
      author         = "Finke, Justin D. and Razzaque, Soebur and Dermer, Charles
                        D.",
      title          = "{Modeling the Extragalactic Background Light from Stars
                        and Dust}",
      journal        = "Astrophys. J.",
      volume         = "712",
      year           = "2010",
      pages          = "238-249",
      doi            = "10.1088/0004-637X/712/1/238",
      eprint         = "0905.1115",
      archivePrefix  = "arXiv",
      primaryClass   = "astro-ph.HE",
      SLACcitation   = "%%CITATION = ARXIV:0905.1115;%%"
}